2948 5048
624 339 845 398 ..38-

236 515 332 581 Inter
354 513 500 597 fabulas,
530 531 614 593 quae
637 510 671 577 in
695 529 816 596 magna
839 510 985 578 Graecia
1009 512 1049 579 de
1072 512 1155 581 viris
1178 512 1325 580 fortibus

148 643 169 690 a
200 622 346 689 Troiana
376 619 584 703 expeditione
618 618 745 685 domum
775 618 989 685 redeuntibus
1021 625 1056 687 et
1086 618 1190 686 variis
1230 624 1324 687 terra

148 729 294 811 marique
335 728 466 796 casibus
507 726 648 809 agitatis
684 724 1012 804 circumferebantur,
1054 725 1194 809 primum
1237 728 1324 811 apud

147 841 294 903 nostrum
318 835 448 901 obtinet
464 833 570 899 locum
586 852 636 914 ea,
654 851 738 914 quae
755 832 795 899 de
811 832 997 900 Diomede
1014 832 1211 915 sociisque
1240 833 1323 900 eius

148 943 182 1008 in
205 941 350 1024 Apuliae
374 940 562 1025 regionibns
586 941 794 1007 narrabatur.
847 938 941 1024 Quae
969 938 1084 1006 fabula
1114 939 1189 1022 ipsa
1223 958 1323 1021 quam

146 1050 217 1116 late
240 1047 389 1132 patuerit
413 1051 448 1114 et
471 1066 568 1128 quam
591 1046 684 1115 vario
707 1045 801 1111 modo
825 1049 987 1112 exornata
1019 1046 1074 1131 sit,
1102 1046 1284 1130 mittamus,
1297 1046 1322 1129 1)

147 1154 191 1222 ad
220 1154 344 1222 iontem
371 1154 496 1237 potius,
539 1153 624 1220 unde
664 1151 865 1235 manaverit,
909 1153 1052 1220 animum
1090 1153 1320 1221 advertamus:

147 1280 252 1343 neque
276 1261 363 1328 enim
386 1280 440 1327 res
463 1260 610 1352 breviter
634 1258 838 1341 expedienda
862 1263 933 1341 est,
960 1278 1033 1325 cum
1055 1259 1090 1326 in
1106 1261 1207 1327 tanta
1223 1259 1322 1327 testi·

148 1369 328 1435 moniorum
350 1368 488 1451 penuria
511 1367 573 1433 hoc
596 1366 668 1433 loco
693 1365 755 1432 dno
779 1370 933 1432 auctores
962 1364 1116 1433 Timaeus
1144 1371 1180 1434 et
1209 1366 1322 1451 Lycus

146 1479 331 1541 occurrant.
387 1475 554 1557 Scriptum
582 1472 667 1540 enim
695 1471 834 1556 legimus
870 1472 957 1556 apud
990 1473 1104 1540 Tzetz.
1139 1473 1183 1540 ad
1215 1473 1321 1558 Lyco·

147 1582 260 1664 phron.
275 1600 306 1648 v.
323 1587 395 1644 615.
414 1581 511 1666 (Tim.
536 1580 653 1664 fragm.
683 1586 731 1644 18.
749 1580 830 1662 Lyc.
848 1579 966 1664 fragm.
986 1580 1031 1666 3.)
1055 1582 1152 1648 haec:
1176 1579 1322 1663 Ἁλούσης

147 1690 202 1769 τῆς
231 1693 341 1768 Τροίας
363 1688 515 1768 Διομήδης
538 1684 606 1750 άντὶ
618 1685 737 1767 βάρους
748 1691 858 1760 λίθους
873 1686 907 1748 ἐκ
925 1694 985 1772 τοῦ
1001 1693 1123 1765 τείχους
1142 1693 1195 1768 τῆς
1213 1694 1323 1769 Τροίας

147 1798 188 1869 εἰς
210 1793 269 1873 τὴν
292 1794 406 1857 ἑαυτοῦ
429 1803 509 1858 ναῦν
532 1794 663 1871 ἔβαλεν.
687 1792 941 1873 παραγενόμενος
964 1796 997 1857 δὲ
1021 1798 1061 1868 είς
1083 1793 1122 1856 τὸ
1139 1791 1252 1875 ’Ἄργος
1270 1801 1322 1859 καὶ

146 1900 236 1976 μόλις
257 1897 369 1978 φυγών
392 1900 448 1965 τόν
471 1902 505 1963 ἐκ
527 1908 582 1980 τῆς
605 1907 738 1980 γαμετῆς
760 1899 860 1962 αὐτοῦ
883 1899 1025 1963 θάνατον
1055 1904 1244 1981 παρεγένετο
1280 1908 1322 1978 είς

147 2007 302 2083 Ἰταλίαν,
317 2004 419 2088 εύρών
432 2012 465 2070 δὲ
482 2015 651 2087 τηνικαῦτα
668 2005 726 2069 τόν
742 2003 901 2083 Κολχικὸν
918 2005 1077 2086 δράκοντα
1089 2010 1322 2086 λυμαινόμενον

146 2114 206 2194 τὴν
231 2118 380 2178 Φαιακίδα
402 2113 514 2178 ἔκτεινε
542 2113 601 2194 τὴν
624 2121 682 2176 τοῦ
707 2111 853 2177 Γλαύκου
875 2115 996 2193 χρυσῆν
1019 2112 1131 2178 ἀσπίδα
1154 2118 1321 2195 κατέχων·

43 2250 49 2264 ·
147 2221 269 2297 ἐνόμισε
292 2221 352 2302 γάρ
377 2219 395 2282 ό
419 2221 547 2301 δράκων
570 2218 607 2282 τό
622 2227 763 2301 χρυσοῦν
780 2219 856 2284 εἶναι
873 2222 964 2300 δέρας
978 2227 1037 2282 τοῦ
1059 2229 1158 2301 κριοῦ.
1183 2229 1323 2302 τιμηθεὶς

148 2332 180 2390 δὲ
203 2325 221 2390 ό
245 2326 396 2408 Διομήδης
420 2328 454 2390 ἐν
478 2326 583 2412 τούτῳ
607 2327 731 2407 σφόδρα
754 2326 940 2408 ἀνδριάντας
962 2325 1183 2391 κατεσκεύασεν
1206 2328 1324 2392 ἑαυτοῦ

147 2436 181 2496 ἐκ
204 2437 270 2498 τῶν
295 2440 396 2497 λίύυν
418 2440 473 2514 τῆς
495 2432 594 2496 Ἰλίου
617 2427 664 2496 ὧν
680 2434 804 2510 ἐνέβαλε
822 2433 894 2496 τότε
909 2438 950 2509 είς
967 2433 1025 2514 τὴν
1045 2441 1125 2498 ναῦν
1144 2439 1194 2497 καὶ
1217 2436 1323 2514 ἑστησε

148 2540 284 2616 τούτους
306 2539 385 2603 κατά
407 2547 471 2603 πᾶν
493 2539 532 2602 τό
555 2540 618 2602 ἐκεῖ
637 2543 771 2603 πεδίον·
796 2536 928 2621 ύστερον
952 2543 984 2603 δὲ
1008 2538 1128 2604 ἀνελών
1156 2539 1174 2603 ό
1202 2542 1324 2618 Δαυνὸς

147 2646 245 2711 αὐτὸν
278 2646 385 2728 ίρῤιψε
417 2651 468 2708 καὶ
501 2645 576 2720 τούς
609 2645 794 2727 ἀνδριάντας
816 2651 857 2721 είς
883 2645 941 2727 τὴν
964 2645 1136 2712 θάλασσαν.
1176 2643 1264 2713 οὗτοι
1289 2653 1323 2712 δὲ

148 2752 333 2831 άνεχόμενοι
356 2751 418 2816 dari
442 2759 509 2815 τῶν
531 2752 681 2828 κυμάτων
709 2753 804 2817 πάλιν
832 2750 1002 2834 ἐξήρχοντο
1030 2753 1110 2834 πρὸς
1137 2754 1191 2830 τὰς
1218 2754 1324 2833 βάσεις

147 2857 266 2924 αὐτῶν.
284 2863 403 2940 ἱστορεῖ
416 2863 449 2922 δὲ
465 2867 561 2922 τοῦτο
595 2865 717 2935 Τίμαιος
733 2858 751 2921 ό
768 2859 897 2934 Σικελός
922 2865 973 2922 καὶ
998 2860 1100 2935 Λύκος
1122 2862 1155 2924 ἐν
1179 2869 1285 2948 τρίτῳ.
1296 2863 1323 2950 ²)

147 2966 278 3035 Deinde
301 2965 491 3052 Antigonus
516 2967 693 3050 Carystius
716 2967 820 3050 ipsius
836 2966 919 3051 Lyci
943 2986 1060 3034 nomen
1082 2968 1224 3036 laudans
1248 2989 1322 3054 cap.

152 3079 213 3136 172
238 3074 321 3139 baec
345 3073 521 3141 memoriae
543 3073 668 3156 prodit:
692 3078 768 3154 Περὶ
791 3081 856 3137 τῶν
885 3074 978 3159 ζῴων
1006 3073 1112 3138 Λύκον
1138 3073 1195 3150 μὲν
1222 3077 1257 3138 ἐν
1284 3085 1324 3158 τῇ

147 3183 308 3263 Διομηδεία
324 3181 361 3259 τῇ
374 3180 458 3265 νήσῳ
472 3185 565 3260 φησίν
578 3179 829 3266 (Callimachus)
845 3183 990 3261 ἱστορεῖν,
1005 3180 1078 3256 τούς
1093 3180 1246 3262 ἐρυδιούς
1256 3182 1323 3247 ὑπὸ

148 3289 207 3362 μὲν
222 3293 287 3350 τῶν
302 3284 472 3368 Ἑλλήνων,
490 3283 568 3350 όταν
590 3285 777 3369 παραβάλλῃ
801 3311 846 3362 τις
862 3291 903 3362 εἰς
918 3284 992 3362 τούς
1006 3286 1138 3363 τόπους,
1164 3288 1204 3351 ού
1218 3290 1324 3365 μόνον

147 3396 348 3472 ψαυομὲνους
371 3392 552 3471 ὑπομένειν,
579 3393 658 3457 ἀλλὰ
681 3399 732 3458 καὶ
746 3395 1022 3475 αροστιετομίνους
1038 3400 1079 3470 εἰς
1090 3393 1166 3471 τούς
1182 3394 1325 3473 κόλπους

146 3500 289 3565 ἐνδύνειν
301 3506 352 3564 καὶ
363 3508 479 3566 σαίνειν
490 3501 695 3582 φιλοφρόνως
703 3499 730 3587 8)
756 3548 896 3565 .....
918 3502 1060 3579 λέγεσθαι
1078 3504 1111 3566 δέ
1128 3526 1155 3566 τι
1172 3509 1325 3568 τοιοῦτον

237 3693 259 3761 ¹)
283 3693 324 3747 De
355 3708 409 3761 qua
432 3691 528 3748 fabula
553 3694 577 3748 si
602 3694 663 3763 quis
688 3693 825 3763 copiosius
848 3693 933 3749 imbui
960 3695 1085 3765 studeat,
1111 3696 1195 3751 adeat
1218 3697 1324 3751 Beck-

146 3779 303 3819 mannum
327 3764 355 3818 in
381 3763 445 3819 edit
465 3779 530 3819 suae
549 3765 666 3821 Aristot.
685 3766 745 3821 mir.
765 3767 883 3821 auscult.
903 3766 1054 3837 Gottingae
1074 3767 1152 3822 1786.
1171 3767 1200 3822 in
1218 3768 1325 3837 vulgus

146 3836 237 3890 editae
249 3851 314 3904 pag.
331 3835 389 3890 157.
403 3839 431 3890 et
444 3834 611 3904 Heynium
625 3837 660 3892 ad
678 3838 763 3906 Verg.
775 3838 843 3892 Aen.
857 3838 905 3893 XI.
920 3853 977 3892 exc.
988 3840 1008 3891 1.
1019 3839 1089 3908 (111,
1099 3854 1163 3908 pag.
1174 3839 1226 3893 699
1240 3839 1324 3909 sqq.).

238 3906 259 3975 ²)
285 3906 386 3960 Paucis
410 3906 563 3962 immutatis
588 3923 648 3962 cum
667 3908 719 3962 hac
739 3908 915 3964 enarratione
935 3910 1064 3978 congruit
1083 3909 1167 3964 schol.
1183 3909 1324 3978 Lycopbr.

145 3979 206 4044 616,
232 3977 286 4032 nisi
311 3977 383 4044 quod
409 3977 457 4032 ille
477 3978 555 4033 clade
574 3978 624 4034 illa
643 3979 783 4034 Diomedis
803 3996 820 4035 a
838 3981 936 4036 Dauno
955 3996 1023 4050 rege
1041 3981 1119 4036 iacta
1137 3984 1167 4035 et
1184 3981 1323 4036 miraculo

147 4049 180 4102 de
203 4049 304 4102 statuis
324 4048 358 4102 ab
378 4049 430 4104 boc
449 4048 478 4103 in
496 4066 573 4105 mare
592 4050 785 4120 praecipitatis
804 4067 953 4120 rursusque
973 4052 1001 4106 in
1021 4053 1113 4108 sedem
1133 4068 1211 4107 suam
1228 4067 1323 4107 rever-

145 4117 268 4174 tentibus
289 4119 390 4174 omisso
409 4120 505 4176 statim
528 4126 593 4189 post
610 4122 696 4177 verba
719 4119 868 4194 ἀνδριάντα
887 4123 1059 4175 κατεσκεύασε
1082 4127 1126 4174 καὶ
1144 4119 1271 4193 ἱδρύσατο
1291 4124 1323 4174 ἐκ

144 4191 202 4241 τῶν
225 4187 315 4242 λίθοιν
337 4192 395 4243 τῶν
417 4193 446 4242 ἐκ
468 4193 517 4244 τού
540 4191 616 4244 Ἰλίου
638 4193 733 4265 pergit
755 4196 857 4265 ἱστορεῖ
876 4191 906 4245 δὲ
928 4195 1012 4246 τοῦτο
1040 4197 1147 4262 Ileosca
1170 4199 1214 4245 καὶ
1233 4195 1323 4251 Asinos

147 4262 177 4312 so
195 4279 436 4416 ve‘ssmllolendum
464 4341 519 4401 est,
553 4334 581 4389 id
611 4335 683 4403 quod
710 4341 775 4404 post
807 4336 989 4392 lieursium
1017 4336 1173 4392 rectissime
1202 4336 1323 4419 agnovit

151 4403 375 4459 6116111111
400 4421 462 4459 ann.
488 4422 581 4475 gymn.
606 4409 699 4462 Austr.
724 4408 778 4463 vol.
805 4408 900 4475 XXV,
923 4424 988 4478 pag.
1013 4411 1088 4476 132„
1112 4409 1231 4464 alterum
1249 4407 1323 4464 rllud

155 4475 294 4531 enuntiati
321 4475 481 4546 membrum,
510 4478 581 4546 quod
609 4479 701 4534 verbis
728 4477 781 4531 ύιιὸ
808 4481 860 4544 μὲν
887 4481 944 4530 τῶν
969 4477 1102 4546 Ἑλλήνων
1129 4479 1323 4550 responderet,
