2948 5048
623 340 839 400 ..70-

146 513 377 581 conferendam
405 513 630 597 Lycophronis
660 518 695 580 et
724 512 852 580 Timaei
879 512 1105 580 narrationem
1136 509 1330 597 afferemus

147 621 248 689 aliter
271 640 343 688 sese
366 639 421 688 res
444 621 577 689 videtur
598 622 730 687 habere.
777 621 866 687 Nam
889 619 1008 687 eTim.
1022 619 1140 704 fragm.
1169 626 1222 684 19.
1241 621 1330 687 haec

147 727 316 795 discimus:
357 729 515 816 ,Exstant
543 731 696 795 auctores
720 727 830 810 multi,
863 727 919 809 qui
949 746 1048 811 super
1074 727 1143 795 ista
1169 746 1211 795 re
1239 746 1329 795 com·

147 834 326 902 menterios
351 834 533 902 ediderunt.
566 832 622 900 Ab
645 833 696 900 his
713 834 861 900 ludorum
878 833 970 918 origo
987 834 1035 900 sic
1058 833 1216 901 traditur.
1249 835 1329 918 Ly·

147 942 215 1009 dos
239 960 284 1007 ex
306 939 406 1008 Asia
437 945 677 1010 transvenas
707 941 746 1006 in
773 940 970 1006 Hetruria
1002 940 1249 1024 consedisse,
1285 946 1329 1007 ut

147 1049 327 1115 Timaeus
351 1047 490 1132 refert,
523 1048 618 1115 duce
648 1046 867 1130 Tyrrheno,
900 1047 965 1126 qui
995 1045 1117 1113 fratri
1147 1066 1216 1113 suo
1240 1067 1329 1114 oes-

147 1161 258 1224 11111
280 1153 392 1240 regni
416 1151 694 1222 contentione‘
733 1154 780 1219 nt
804 1172 866 1234 quo
889 1153 1019 1237 melius,
1045 1172 1130 1234 quae
1152 1172 1236 1222 vera
1261 1155 1329 1221 hac

146 1263 181 1328 in
209 1281 245 1328 re
276 1261 404 1328 Timaei
437 1261 538 1328 fuerit
569 1260 753 1336 sententia,
793 1265 1026 1343 pernoscatur,
1063 1261 1201 1328 evolvas
1235 1262 1327 1330 Vell.

146 1370 281 1435 Patere.
316 1369 345 1450 I,
374 1374 411 1450 1.,
448 1386 544 1450 quem
575 1368 718 1434 eiusdem
750 1366 896 1433 auctoris
930 1366 1064 1432 elibris
1095 1366 1252 1434 hausisse
1285 1369 1326 1433 E.

146 1474 322 1541 Rohdius
346 1474 367 1539 l.
393 1494 419 1540 c.
445 1474 699 1541 demonstravit:
735 1474 811 1561 <Per
833 1474 917 1540 haec
944 1479 1093 1555 tempora
1124 1473 1259 1557 Lydus
1292 1479 1328 1542 11

147 1582 371 1665 Tyrrhenus
401 1579 525 1647 fratres
557 1598 629 1646 cum
659 1586 842 1664 regnarent
871 1580 906 1647 in
935 1579 1058 1664 Lydia,
1092 1580 1327 1650 sterilitate

147 1689 301 1773 frugum
325 1687 514 1771 compulsi
537 1687 675 1754 sortiti
704 1693 809 1770 sunt,
841 1693 917 1754 uter
940 1706 1012 1754 cum
1042 1693 1140 1770 parte
1171 1689 1326 1758 multitu·

148 1796 233 1862 dinis
256 1793 368 1879 patria
392 1794 576 1861 decederet.
629 1793 721 1861 Sors
749 1793 992 1878 Tyrrhenum
1021 1794 1209 1879 contigit:
1243 1816 1327 1879 per·

146 1908 286 1972 vectus
309 1901 348 1968 in
370 1901 535 1969 Italiam
559 1905 598 1968 11
621 1901 709 1967 1111
741 1904 780 1967 11
811 1900 957 1967 incolis
989 1905 1028 1966 11
1060 1901 1159 1969 mari
1189 1903 1327 1972 nobile

147 2030 192 2077 ac
214 2012 448 2093 perpetuum
472 2027 493 2074 a
517 2025 557 2073 se
580 2027 714 2074 nomen
738 2007 891 2090 dedit1)
916 2009 1011 2094 Quae
1028 2008 1057 2074 si
1072 2008 1162 2075 inter
1185 2029 1222 2077 se
1238 2029 1327 2077 com-

147 2115 328 2200 paraveris,
350 2116 404 2183 vel
427 2114 602 2181 maximum
627 2114 802 2182 discrimen
825 2114 913 2181 inter
936 2114 1185 2199 Lycophronem
1209 2121 1246 2183 et
1272 2118 1327 2184 Ti·

146 2243 274 2291 maeum
297 2223 452 2289 hocloco
475 2222 682 2289 intercedere
713 2222 885 2289 fatendum
916 2223 991 2289 1111.
1038 2225 1135 2290 Duae
1165 2223 1255 2290 enim
1292 2229 1327 2291 11

146 2330 235 2396 inter
265 2350 301 2397 se
333 2329 484 2396 diversae
516 2328 650 2395 fabulae
674 2329 906 2414 agnoscendae
930 2332 1025 2412 sunt,
1050 2348 1189 2412 quarum
1213 2331 1326 2399 altera

148 2435 374 2519 Lycophronis
406 2434 555 2504 versibus
588 2435 721 2518 depicta
752 2440 787 2501 et
819 2436 1023 2502 Tarchonem
1047 2440 1083 2502 11
1106 2436 1324 2522 Tyrrhenum,

147 2542 325 2627 Telephi,
362 2543 554 2624 Mysorum
592 2542 716 2626 regis,
755 2541 840 2608 filios
871 2540 1106 2608 inEtruriam
1130 2545 1325 2626 pervenisse

147 2649 309 2733 perhibet,
335 2649 445 2716 altera
468 2648 598 2715 Timaei
629 2649 847 2717 disertissimo
878 2648 1017 2730 quodam
1048 2648 1238 2734 fragmento
1271 2652 1324 2719 de·

146 2756 242 2823 fonsa
265 2755 340 2822 soli
363 2756 577 2838 Tyrrheno,
614 2754 731 2838 Atyis,
755 2759 794 2821 ut
817 2754 959 2831 videtur,
983 2755 1178 2839 Lydorum
1205 2759 1322 2843 regis,

146 2862 213 2929 fflio
237 2861 314 2929 illas
337 2866 453 2945 partes
476 2862 605 2929 tribuit.
644 2862 761 2943 Neque
785 2866 898 2928 tamen
923 2862 1056 2930 difficile
1080 2867 1135 2930 est
1151 2865 1323 2948 explicatu

147 2972 321 3049 utramque
351 2968 499 3034 fabulam
530 2969 645 3050 utique
675 2969 710 3036 in
733 2969 861 3036 Timaei
891 2969 987 3035 libris
1017 2970 1124 3036 locum
1155 2971 1321 3040 habuisse.

148 3076 279 3144 Summo
303 3075 388 3142 enim
411 3074 483 3140 iure
506 3075 648 3160 mireris,
678 3076 707 3141 si
731 3076 818 3158 apud
846 3073 958 3141 Strab.
983 3075 1004 3141 l.
1030 3094 1056 3141 c.
1089 3077 1251 3161 scriptum
1277 3080 1321 3145 le-

147 3184 254 3269 gimus
285 3181 411 3266 Atyem
440 3181 531 3248 illum
564 3182 755 3264 ceteroquin
789 3182 939 3267 ignotum
975 3181 1143 3266 Lydorum
1176 3184 1321 3269 regem2)

146 3290 336 3376 progeniem
358 3289 515 3356 Herculis
540 3294 575 3356 et
598 3289 778 3371 Omphales
801 3288 904 3356 fuisse
929 3289 982 3372 (ci.
1008 3289 1050 3364 εἷς
1072 3288 1321 3369 τῶνάτογόνου

146 3395 333 3478 Ἡρακλέους
355 3402 407 3461 καὶ
430 3394 609 3480 Ὀμφάλης),
635 3414 730 3477 quem
752 3397 878 3463 Herod.
902 3397 931 3478 I,
947 3404 999 3461 94.
1025 3402 1115 3465 teste
1131 3398 1243 3465 Manis
1266 3417 1321 3481 po·

179 3527 359 3534 ·-—--·——

239 3576 260 3642 ¹)
288 3573 333 3628 Ad
355 3573 427 3627 hanc
454 3572 642 3627 narrationem
668 3571 775 3639 aspirat
799 3572 889 3626 81111.
913 3574 955 3641 7.,
989 3589 1053 3644 pag.
1078 3574 1147 3642 219,
1172 3589 1253 3641 quem
1278 3573 1322 3629 vel

149 3662 182 3700 ea
207 3661 240 3699 ex
266 3661 350 3699 causa
369 3643 597 3698 Tauromenitani
615 3642 737 3711 vestigia
761 3647 885 3698 secutum
905 3660 966 3699 esse
994 3661 1049 3700 non
1077 3644 1132 3700 erit
1149 3645 1321 3715 negandum:

148 3719 173 3766 οἱ
197 3716 324 3788 Τυρρηνοὶ
352 3719 447 3766 τοίνυν
473 3714 546 3786 παραὶ
574 3727 631 3769 τοῖς
656 3714 790 3780 Ῥωμαίοις
815 3714 965 3803 Ἑτροῦσκοι
992 3720 1036 3767 καὶ
1060 3717 1168 3768 Τοῦσκοι
1191 3733 1322 3787 προσαγο-

147 3788 325 3859 <recavum-oi
353 3784 382 3838 δὲ
405 3783 529 3851 Ἕλληνες
556 3786 641 3840 οὕτως
667 3785 813 3852 ὠνόμασαν
840 3786 937 3841 αυτσός
955 3787 1010 3840 ἀπὸ
1040 3788 1089 3839 τοῦ
1113 3789 1249 3859 Τυρρηνοῦ
1274 3789 1321 3839 τοῦ

142 3859 245 3918 Ἄτυος,
259 3859 295 3913 ὥς
310 3877 382 3926 φασι,
401 3858 449 3907 τοῦ
468 3855 621 3912 στείλαντος
639 3858 668 3907 ἐκ
687 3853 786 3911 Λυδίας
805 3857 925 3912 ἐποίκους
944 3856 1023 3931 δεῦρο
1034 3879 1039 3891 ·
1050 3860 1093 3910 ἐπὶ
1110 3858 1162 3929 γὰρ
1181 3857 1260 3926 λιμοῦ
1280 3862 1322 3909 καλ

147 3930 259 4001 ἀφορίας
281 3930 296 3981 ό
314 3929 400 3988 Ἄτυς,
419 3926 455 3982 εἷς
473 3930 531 3979 τῶν
548 3927 693 3996 ἀπογόνων
711 3928 750 3978 Ἡ
762 3925 872 3983 ακλέους
895 3933 938 3979 καὶ
956 3927 1106 3998 Ὀμφάλης,
1124 3927 1199 3980 δυεῖν
1216 3926 1322 3982 παίδων

148 4001 246 4061 όντων,
265 4001 352 4072 κλήρῳ
370 3996 461 4053 Λυδόν
479 4002 530 4066 μὲν
548 4002 665 4064 κατέσχε,
684 4001 724 4064 τῷ
742 3947 772 4051 δὲ
794 4001 920 4071 Τυρρηνῷ
937 3999 989 4053 τόν
1010 3998 1094 4052 πλείω
1111 4001 1238 4066 συστήσας
1256 3997 1323 4052 λαόν

148 4071 291 4133 ἐξέοτειλεν
311 4093 316 4104 ·
336 4069 430 4123 ἐλθών
449 4068 478 4122 δὲ
496 4070 546 4136 τήν
565 4088 594 4120 τε
612 4070 703 4142 χώραν
720 4069 766 4140 ἀφ’
787 4071 883 4122 ἑαυτοῦ
908 4073 1057 4143 Τυρρηνίαν
1075 4069 1190 4131 ἐκάλεσε,
1209 4075 1254 4122 καὶ
1272 4068 1322 4124 δοί-

148 4143 211 4197 δεκα
226 4142 315 4198 πόλεις
337 4144 447 4200 ἔκτισεν,
471 4140 588 4208 οἰκιστὴν
607 4142 743 4208 ἐπιστήσας
758 4143 908 4213 ΙΤάρκωνα,
930 4142 976 4211 ἀφ’
997 4137 1029 4194 οὗ
1052 4145 1184 4214 Ταρκυνία
1202 4142 1218 4209 ἡ
1237 4140 1322 4201 πόλις,

148 4217 181 4268 ὃν
199 4214 242 4268 διὰ
260 4214 311 4282 τὴν
329 4215 357 4265 ἒκ
375 4210 481 4266 παίδων
490 4214 594 4265 σύνεσιν
611 4211 710 4265 πολιόν
727 4213 912 4283 γεγεννῆσθαι,
943 4214 1122 4280 μυθεόσυσινζ
1141 4230 1211 4282 quae
1229 4214 1317 4270 verba

150 4303 225 4343 more
246 4303 295 4343 suo
315 4286 463 4354 exscripsit
481 4284 979 4353 1111111111111ο1111.Ρ111θς.347.
999 4286 1041 4341 De
1060 4301 1090 4341 re
1108 4286 1170 4355 ipsu
1187 4285 1321 4355 inspicias

148 4359 331 4414 Baehrium
351 4357 386 4412 ad
405 4356 507 4412 Herod.
526 4357 547 4409 Ι.
573 4371 677 4411 excurs.
698 4357 753 4424 111,
776 4372 840 4425 pag.
860 4356 921 4410 838.
941 4361 971 4411 11
985 4356 1321 4412 Muellerum·Deeo·

149 4430 252 4485 hium:
270 4430 323 4485 Die
341 4429 486 4497 Etrusker,
505 4429 527 4496 I,
546 4444 612 4496 pag.
631 4428 673 4482 75.
693 4429 736 4482 82.
757 4443 815 4495 sqq.

241 4499 265 4571 ¹)
283 4502 325 4556 De
345 4516 397 4569 quo
416 4500 497 4570 plura
516 4500 564 4556 dat
583 4498 750 4556 Baehrius
769 4498 806 4556 ad
823 4498 925 4554 Herod.
945 4499 967 4568 1,
986 4499 1011 4552 7.
1030 4501 1073 4554 94.
