2948 5048
694 357 913 418 ..60-

219 528 359 595 auscult.
384 548 411 594 c.
438 535 488 593 97.
514 528 652 595 eandem
675 527 745 595 fere
773 528 919 595 fabulam
948 529 1070 596 omissa
1100 530 1160 597 illa
1191 531 1394 600 Leuterniae

220 635 445 718 appellatione
473 637 626 719 praebet:
659 641 729 717 περί
758 633 816 715 τὴν
844 632 944 716 ἄκραν
971 633 1030 715 τὴν
1058 634 1217 714 Ἰαπυγίαν
1243 644 1339 716 φασίν
1362 639 1394 703 ἔκ

220 765 304 817 τινος
326 740 439 826 τόπου,
468 737 551 827 ἐνῷ
581 745 692 822 συνέβη
721 745 874 821 γενέσθαι,
904 740 948 817 ὡς
974 750 1219 822 μυθολογοῦσιν,
1249 742 1396 826 Ἡρακλεῖ

219 846 299 928 πρὸς
324 855 473 927 Γίγαντας
499 851 617 930 μάχην,
647 849 713 930 ῥεῖν
743 854 843 930 ἰχῶρα
865 847 966 913 πολὺν
993 855 1043 912 καὶ
1070 853 1209 914 τοιοῦτον
1236 847 1318 915 ὥστε
1346 851 1393 916 διὰ

221 952 256 1017 τὸ
279 953 377 1035 βάρος
400 959 454 1035 τῆς
477 954 573 1036 ὀσμῆς
596 953 717 1019 ἄπλουν
739 955 817 1019 εἶναι
840 953 897 1034 τὴν
920 954 998 1019 κατὰ
1022 954 1080 1020 τὸν
1103 958 1201 1020 τόπον
1220 958 1391 1024 θάλασσαν.

220 1063 343 1138 λέγουσι
366 1065 400 1124 δὲ
422 1064 586 1140 πολλαχοῦ
610 1065 665 1142 τῆς
688 1061 816 1136 Ἰταλίας
837 1059 1027 1142 Ἡρακλέους
1050 1063 1252 1127 εἶναιπολλὰ
1274 1065 1392 1144 μνημό-

222 1185 301 1230 συνα
324 1169 358 1230 ἐν
380 1183 449 1242 ταῖς
472 1167 566 1243 ὁδοῖς.
593 1166 629 1243 ἃς
651 1169 767 1242 ἐκεῖνος
789 1167 954 1247 ἐπορεύθη.
978 1174 1047 1249 περὶ
1070 1173 1103 1232 δὲ
1131 1174 1312 1234 Πανδοσίαν
1340 1174 1393 1252 της

221 1271 377 1353 Ἰαπυγίας
410 1275 480 1354 ἴχνη
514 1282 574 1338 τοῦ
608 1282 686 1338 θεοῦ
722 1266 889 1349 dolaverat,
926 1275 972 1352 ἐφ’
1020 1272 1040 1337 ἃ
1075 1272 1179 1339 οὐδενὶ
1213 1277 1390 1353 &siderion

222 1379 272 1445 At
297 1400 369 1447 eum
392 1400 492 1464 supra
507 1400 583 1465 pag.
603 1387 653 1446 26.
679 1381 973 1447 Muellenhoffii
996 1381 1146 1464 opinione
1162 1382 1315 1450 refutata
1330 1386 1390 1450 hoe

219 1491 320 1571 caput
344 1507 362 1554 e
386 1488 514 1554 Timaei
537 1487 707 1555 sententia
736 1488 918 1570 profectum
947 1507 1020 1555 esse
1047 1488 1180 1556 minime
1209 1509 1307 1571 posse
1338 1491 1392 1556 de·

219 1598 423 1661 monstrasse
446 1595 528 1660 mihi
548 1594 641 1661 visus
666 1595 741 1670 sim,
767 1595 886 1677 quippe
910 1595 965 1676 qui
988 1615 1133 1680 pugnam
1155 1596 1248 1662 iham
1265 1597 1391 1682 Gigan-

219 1706 290 1767 tum
314 1719 386 1767 cum
408 1702 555 1768 Hercule
578 1701 706 1767 factam
729 1701 772 1766 ad
801 1701 976 1768 Oumarum
1004 1700 1170 1786 regionem
1201 1705 1392 1771 rettulisset

220 1807 521 1891 superstitibusque
544 1826 668 1890 eorum,
693 1813 731 1874 ut
755 1829 773 1874 e
796 1809 959 1891 Lyeophr.
984 1827 1037 1876 vv.
1055 1815 1129 1874 688.
1151 1829 1221 1892 sqq.
1239 1816 1390 1895 apparet,

219 1915 255 1981 in
278 1915 390 1983 simias
415 1914 625 1981 commutatis
649 1915 848 1982 Pithecusas
864 1915 1005 1981 insulam
1021 1915 1219 1984 domicilium
1235 1917 1392 1997 dedisset,

220 2022 377 2106 efficitur,
403 2040 475 2088 cum
498 2021 725 2105 Lycophronis
748 2041 829 2089 voee
858 2027 1040 2103 Λευτερνίας
1064 2023 1104 2088 de
1131 2023 1260 2090 Timaei
1288 2043 1394 2092 exem-

219 2128 320 2213 plari,
354 2129 439 2210 quod
466 2129 649 2210 ubieunque
677 2129 828 2196 manibus
863 2130 1010 2211 terebat,
1045 2129 1193 2213 cogitare
1227 2149 1393 2215 cogamur,

219 2239 305 2303 hanc
328 2236 475 2302 fabulam
498 2254 695 2317 quamquam
723 2235 851 2301 Timaei
879 2235 1065 2302 narrationi
1091 2236 1254 2304 insertam
1280 2243 1395 2305 tamen

221 2363 239 2410 e
262 2345 432 2410 sententia
456 2343 526 2409 eius
550 2346 656 2409 ortam
687 2361 761 2409 esse
789 2342 920 2408 minime
950 2341 1093 2428 posse.1)
1140 2342 1266 2428 Quibus
1297 2347 1394 2412 rebus

221 2449 365 2534 cognitis
388 2468 461 2515 eam
485 2448 709 2515 coniecturam
725 2467 809 2516 novo
825 2450 973 2530 exemplo
991 2449 1218 2516 confirmatam
1233 2450 1393 2530 invenies,

221 2577 286 2638 qua
309 2575 350 2623 ne
375 2576 395 2622 a
420 2557 584 2624 Strabone
608 2557 738 2636 quidem
761 2574 801 2621 ea
817 2555 1008 2622 subtilitate
1024 2555 1150 2640 ingenii
1165 2556 1294 2624 Timaei
1315 2575 1395 2639 opus

221 2663 407 2730 adhibitum
430 2681 504 2729 esse
528 2663 765 2746 contendimus,
790 2666 828 2728 ut
850 2662 885 2728 id
909 2663 1012 2728 solum
1035 2662 1070 2727 in
1093 2680 1186 2730 usum
1210 2681 1305 2729 suum
1320 2682 1394 2729 con·

221 2773 386 2849 verteret,
411 2769 496 2851 quod
518 2788 637 2837 revera
662 2769 866 2835 auctoritate
890 2768 960 2835 eius
984 2767 1154 2836 defensum
1178 2767 1313 2849 esseio

311 2877 379 2945 Sed
389 2894 431 2942 ne
444 2875 566 2942 diutius
579 2895 599 2941 a
615 2896 652 2943 re
668 2876 838 2959 proposita
855 2875 1091 2960 digrediamur,
1109 2876 1152 2942 ad
1167 2875 1395 2959 Lycophronis

222 2982 354 3050 fabulas
378 2987 599 3065 revertamur,
625 2986 660 3049 et
683 2983 756 3064 quis
772 2982 807 3048 in
823 2983 882 3065 eis,
907 2981 1022 3063 quibus
1044 2982 1280 3049 Amazonum
1308 3002 1394 3065 qua·

221 3090 381 3156 rumdam
410 3086 526 3156 Oleta
551 3088 644 3155 duce
674 3088 868 3157 aduentus
895 3089 930 3154 in
952 3089 1090 3155 Italiam
1106 3090 1290 3173 exponitur,
1323 3109 1394 3157 ver·

222 3197 313 3264 sibus
326 3201 443 3263 auctor
455 3196 685 3280 agnoscendus
698 3195 743 3262 sit
761 3195 829 3281 (vv.
844 3195 1065 3282 oea-1007),
1083 3196 1394 3279 circumspiciamus.

222 3305 460 3374 Verumtamen
484 3309 585 3370 tanta
609 3302 744 3370 exsistit
760 3302 897 3386 penuria
913 3302 1176 3370 testimoniorum
1191 3305 1226 3371 in
1242 3304 1396 3371 fabulosa

221 3410 282 3476 illa
305 3410 507 3491 narratione,
532 3414 570 3475 ut
594 3409 637 3476 ad
659 3429 757 3477 unum
773 3411 885 3493 Etym.
903 3408 1015 3494 Magn.
1032 3429 1108 3494 pag.
1128 3417 1201 3494 517,
1220 3411 1396 3477 stlocum

221 3517 395 3600 provocari
423 3535 592 3601 cogamur,
622 3516 679 3584 ubi
704 3500 859 3613 legimus:
887 3521 1008 3596 Κλείτη,
1035 3521 1091 3592 μία
1114 3523 1180 3581 τῶν
1203 3515 1395 3595 Ἀμαζόνων,

223 3697 435 3704 --—-—-——

313 3818 335 3887 1)
353 3817 395 3872 Ne
423 3821 515 3872 autem
543 3816 628 3872 verba
656 3816 706 3871 illa
729 3816 759 3867 ἐν
782 3810 805 3880 ᾦ
827 3818 926 3882 συνέβη
953 3816 1095 3885 γενέσθαι,
1124 3816 1159 3872 ὡς
1187 3813 1397 3884 μυθολογοῦσιν,

222 3885 348 3959 Ἡρακλεῖ
362 3887 430 3960 πρὸς
449 3890 580 3956 Γίγαντας
598 3888 686 3955 μάχην
706 3887 740 3941 ab
759 3887 820 3958 ipso
841 3891 953 3942 auctore
972 3887 1138 3943 mirabilium
1157 3887 1270 3941 illarum
1289 3887 1398 3941 auscul-

223 3959 485 4086 ξρριεοηιὲρρωαιρΐᾶίλε
510 3975 571 4014 esse
594 3959 759 4028 iudicemus,
786 3958 979 4014 imbecillitate
1004 3964 1033 4014 et
1054 3974 1143 4028 paene
1171 3964 1284 4027 stupore
1313 3958 1398 4012 enimi

314 4136 335 4207 2)
356 4137 398 4192 De
418 4136 577 4192 coniectura
601 4136 754 4191 addiderim
778 4137 823 4192 vel
846 4136 911 4190 inde
935 4151 995 4190 cum
1020 4135 1115 4203 aliqua
1132 4135 1193 4190 veri
1212 4135 1304 4204 specie
1324 4135 1398 4192 effici

225 4223 307 4278 posse
326 4208 435 4264 Timaei
453 4208 576 4279 vestigia
595 4224 612 4262 a
630 4207 791 4278 geographo
810 4223 907 4276 pressa
926 4221 1001 4276 esse,
1026 4207 1097 4274 quod
1116 4223 1171 4262 non
1190 4207 1278 4262 solum
1297 4207 1327 4262 in
1345 4207 1399 4262 hac

224 4279 320 4336 sedin
339 4296 372 4334 ea
393 4295 512 4348 quoque,
537 4294 607 4347 quae
627 4279 765 4348 sequitur,
792 4278 969 4348 paragrapho
989 4278 1120 4332 Antiochi
1139 4278 1172 4332 de
1192 4277 1295 4333 eisdem
1315 4277 1399 4333 rebus

228 4351 397 4420 disputantia
418 4351 557 4406 sententia
578 4366 742 4418 quamquem
761 4367 816 4405 non
836 4350 940 4418 apertis
959 4349 1052 4404 verbis
1071 4350 1120 4404 sed
1139 4350 1227 4404 tacite
1248 4349 1399 4417 refutatur,

225 4422 255 4477 id
274 4423 347 4490 quod
366 4440 383 4478 a
401 4438 478 4478 more
498 4428 527 4478 et
544 4437 647 4492 genere
671 4422 729 4477 eins
754 4421 893 4477 scribendi
915 4420 1027 4476 minime
1051 4420 1201 4475 abhorrere
1220 4420 1332 4488 saepius
1351 4421 1399 4477 do-

227 4493 341 4564 enimus,
361 4510 450 4564 neque
471 4493 579 4549 omnino
599 4492 727 4549 historici
745 4492 853 4548 Timaei
872 4498 967 4548 aetate
986 4491 1127 4547 inferioris
1146 4491 1178 4547 fit
1196 4494 1309 4548 mentio.
