2948 5048
213 529 275 593 έστι
288 532 322 593 δέ
333 527 414 610 πηγη
421 551 465 602 τις
474 527 586 591 αύτόθι

213 641 368 711 ποταμίου
397 627 512 709 ύδατος
539 635 587 697 ἐπί

214 745 251 822 τη
278 740 442 820 θαλάσση·
467 740 585 804 τούτου

214 846 586 926 δ’άπείχοντοπάντες,τὸ

213 947 587 1035 τῆςΣτυγόςύδωρνομί-

216 1059 587 1136 σαντεςκαὶτόμαντεῑον

213 1167 350 1232 ἐνταῦθά
374 1190 437 1231 που
453 1171 563 1248 ἵδρυτο
577 1214 584 1229 .

214 1275 269 1337 τόν
314 1277 348 1337 τέ
394 1275 585 1354 Πυριφλεγέ-

213 1388 315 1445 θοντα
330 1381 364 1442 ε’κ
379 1383 447 1442 τῶν
458 1386 587 1460 θερμῶν
615 1379 683 1439 οὖσι
692 1381 724 1439 δὲ
738 1376 774 1440 τό
786 1381 843 1452 μὲν
852 1377 987 1442 παλαιόν
1014 1381 1053 1457 τῇ
1080 1386 1211 1443 πυκνῶν
1243 1383 1395 1460 δένδρων

214 1485 340 1549 ύδάτων
363 1487 584 1567 ἐτεκμαίροντο
614 1491 797 1562 γεγενῆσθαι
815 1507 985 1559 νεκυομαν-
1013 1491 1066 1547 καί
1101 1508 1198 1550 τινων
1236 1488 1270 1549 έν
1311 1484 1396 1566 αὐτῇ

214 1595 279 1655 τῶν
302 1599 433 1672 πλησίον
455 1597 506 1655 καί
531 1600 585 1671 τῆς
613 1604 699 1653 τεῖον
727 1588 808 1670 πρός
838 1590 933 1670 αὐτῇ,
967 1588 985 1654 ό
1013 1595 1283 1668 κατακεκλιμένων
1294 1592 1393 1659 οὐδέν

214 1696 418 1779 Ἀχερουσίας.
430 1706 584 1783 pag245:
613 1710 681 1771 τοῖς
702 1689 835 1777 ύστερον
857 1697 985 1778 χρόνοις
1011 1699 1182 1762 ἐστινίδεῖν
1194 1700 1321 1776 φύλλον
1339 1702 1395 1764 ἐπὶ

215 1804 278 1869 όδέ
294 1811 445 1886 Δοκρῖνος
466 1807 585 1881 κόλπος
612 1803 836 1867 καταλελύσθαι
880 1810 982 1882 φασίν.
1012 1813 1069 1868 τοῦ
1107 1801 1223 1881 ύδατος
1263 1807 1394 1887 ἐφεστη-

214 1912 400 1975 πλατύνεται
419 1914 509 1994 μέχρι
524 1921 585 1977 Βα-
613 1910 870 1991 ἀναπεπταμένης
881 1915 915 1974 δὲ
931 1918 985 1992 τῆς
1012 1912 1076 1987 κός,
1094 1909 1160 1975 ἀλλ’
1181 1908 1268 1975 ούτω
1291 1921 1393 1978 καθα-

215 2021 282 2099 ϊῶν,
306 2019 428 2096 χώματι
451 2018 586 2100 εἰργόμε-
613 2023 722 2097 λίμνης
737 2022 778 2093 εἰς
793 2017 850 2098 την
869 2016 985 2080 θάλασ-
1013 2018 1158 2099 ρώτατόν
1174 2020 1235 2082 έστι
1249 2017 1286 2082 τό
1300 2016 1394 2101 ύδωρ

214 2148 269 2199 νος
292 2121 428 2204 ἀπάτης
450 2127 584 2205 έξωθα·
613 2141 670 2189 σαν
721 2124 780 2188 τόν
832 2122 984 2206 Ἡρακλέα
1013 2119 1095 2189 ὥστε
1118 2124 1192 2201 τοὺς
1207 2128 1394 2202 θεωμένους

214 2231 328 2312 λάττης
340 2229 531 2316 όκτασταδίῳ
547 2230 585 2295 τό
613 2234 733 2310 λέγεται
742 2231 863 2307 τὸνμὲν
871 2230 985 2312 έκρουν
1013 2232 1193 2312 θαυμάζειν.
1239 2239 1309 2315 περὶ
1358 2237 1392 2298 δέ

213 2341 333 2419 μῆκος,
388 2342 507 2415 πλάτος
553 2342 586 2401 δέ
614 2340 758 2416 ἐγχῶσαι,
794 2338 853 2418 τὴν
876 2337 985 2402 δ’όδόν
1014 2336 1393 2421 τὴνάπέχουσανάπειρον

214 2443 366 2521 άμαξιτοῦ
427 2450 583 2519 πλατείας,
613 2444 671 2524 τὴν
694 2452 754 2508 νῦν
777 2438 875 2508 οὖσαν
902 2443 986 2525 παρὰ
1015 2444 1252 2526 αύτηςούπολύ
1267 2446 1394 2527 θερμόν

214 2548 232 2613 ό
247 2568 340 2629 φασιν
355 2549 507 2633 Ἡρακλέα
522 2554 586 2613 δια·
614 2552 777 2615 θάλατταν
801 2550 987 2615 κατασκευά-
1014 2545 1103 2633 ύδωρ
1119 2551 1321 2631 πολλαχόθεν
1343 2555 1393 2617 έκ-

213 2666 326 2736 χώσαι,
344 2657 400 2733 τάς
410 2663 488 2734 βοῦς
499 2658 587 2720 ἐλαύ·
614 2674 672 2733 σαι,
702 2657 760 2738 την
787 2655 839 2721 ἀπ’
868 2660 987 2722 ἐκείνου
1014 2665 1125 2735 πίπτει,
1156 2665 1208 2722 καί
1240 2658 1258 2722 ό
1292 2659 1394 2737 τόπος

214 2787 311 2828 νοντα
342 2762 396 2840 τὰς
421 2763 586 2844 Γηρυόνου
629 2766 826 2846 καλουμένην
875 2762 964 2846 Ἠρά-
1015 2758 1096 2841 άπας
1130 2773 1267 2829 καλεῖται
1291 2776 1393 2847 Πυρι-

231 2917 570 2934 .......
614 2878 727 2934 κλειαν.
1014 2874 1187 2950 φλεγέθων.
1198 2869 1284 2937 ότιδέ
1295 2872 1394 2938 οὐδέν

214 2974 268 3050 τάς
291 2980 323 3039 δὲ
347 2980 443 3051 Βαίας
466 2976 586 3040 ἐπωνύ-

213 3106 294 3158 μους
338 3084 415 3147 εἶναι
464 3086 587 3162 λέγουσι

213 3192 312 3253 Βαίου
335 3193 400 3254 τῶν
423 3188 588 3267 Ὀδυσσέως

213 3296 347 3377 ἑταίρων
363 3299 458 3375 τινός,
478 3303 530 3361 καί
550 3297 586 3360 τό

213 3401 354 3484 Μισηνὸν
373 3412 515 3485 Μισηνοῦ
539 3453 546 3468 .
575 3453 582 3467 .

214 3513 292 3584 τινές
316 3513 421 3573 δὲκαὶ
446 3512 588 3590 Φλέγραν

214 3615 588 3697 διάτοῦτοτηνΚυμαίαν

229 3725 390 3800 νομίζουσι
420 3730 581 3803 κληθῆναι,

214 3833 264 3890 καί
288 3830 354 3891 τοῗν
375 3829 588 3892 πεπτωκότων

215 3933 371 4013 γιγάντων
387 3932 425 3997 τά
441 3936 588 4016 κεραύνια

215 4039 378 4119 τραύματα
424 4040 589 4123 ἀναφέρειν

214 4144 269 4222 τάς
286 4147 431 4223 τοιαύτας
447 4147 589 4228 προχοάς

214 4261 273 4316 τοῦ
311 4252 412 4336 πυρός
445 4260 496 4319 καί
531 4258 589 4318 τού

215 4352 337 4436 ύδατος.

1014 2983 1168 3042 διίπταται
1196 2976 1310 3060 όρνεον
1334 2977 1393 3043 αύ-

1013 3084 1080 3164 την,
1105 3088 1225 3163 ψεῦδος
1249 3089 1305 3148 ὀί
1328 3085 1392 3168 γάρ

1012 3191 1259 3272 παραγενόμενοι
1280 3194 1392 3270 λέγου-

1012 3316 1040 3362 σι
1060 3300 1183 3379 πλῆθός
1214 3323 1243 3362 τι
1260 3299 1393 3364 κύκνων

1015 3407 1049 3469 ἐν
1072 3405 1152 3485 αύτῖγ
1175 3412 1322 3484 γίνεσθαι.
