2948 5048
631 365 850 424 -34..

236 541 350 624 Porro,
368 540 423 622 qui
431 540 531 608 mirus
548 555 727 607 consensus
744 537 833 603 inter
845 537 905 605 hos
921 536 1011 606 locos
1032 537 1187 622 exsistat,
1212 541 1325 605 tecum

149 654 275 730 reputa.
321 647 495 732 Lycophro
519 647 605 714 enim
629 665 681 714 vv.
709 649 771 707 633
796 662 865 727 sqq.
890 649 1021 712 narrat:

145 776 184 834 Οἳ
206 772 469 850 δ’άμφικλάστους
485 771 634 851 χοιράδας
648 777 706 832 Γυ-
771 803 774 808 »
828 763 935 837 Schol.
971 769 1135 853 Lycophr.
1173 775 1246 834 633.
1282 802 1323 823 --

532 882 662 956 μνησίας
761 873 1034 960 Tim.fragm.3l:
1056 882 1180 952 Τίμαιος
1188 878 1324 957 δέφησιν

146 988 365 1066 σισυρνοδόται
407 989 547 1064 καρκίνοι
583 989 706 1046 πεπλω-
761 986 802 1056 είς
836 983 951 1058 ταύτας
985 982 1039 1059 τὰς
1074 982 1189 1064 νὴσους
1216 983 1323 1046 ἐλθεῖν

574 1090 663 1164 κότες
762 1112 846 1164 τινας
869 1097 933 1152 τῶν
956 1097 1121 1166 Βοιωτῶν,
1147 1087 1184 1165 dg
1206 1089 1324 1170 νόσους

146 1195 296 1277 άχλαινον
331 1195 542 1277 άμπρεόσουσι
568 1193 704 1276 ’νὴλιποι
758 1195 910 1276 χοιράδας
943 1196 1031 1260 εἶπε·
1058 1197 1186 1271 Φιλτέας
1222 1199 1255 1259 δὲ
1289 1198 1323 1260 ἐν

577 1309 658 1380 βίον,
759 1310 853 1388 τρίτῳ
867 1308 1034 1382 Ναξιακών
1053 1307 1244 1383 Βαλεαρίδας
1267 1327 1322 1383 φη-

146 1419 288 1493 τριπλαῖς
334 1411 478 1486 δικώλοις
520 1408 706 1488 σφενδόναις
761 1416 810 1475 σίν
823 1403 1066 1491 αάτάςόστερου
1081 1407 1320 1491 ὀνομασθῆναι·

460 1515 658 1592 ὠπλισμένοι.
759 1522 813 1581 slot
837 1522 869 1581 δὲ
893 1521 923 1581 οἱ
945 1519 980 1581 ἐν
1007 1515 1115 1592 αὐταῖς
1138 1525 1321 1581 κατοικοῦν-

147 1616 195 1687 (do
229 1628 259 1688 αἱ
294 1631 437 1687 τεκοῦσαι
466 1623 523 1706 τὴν
553 1621 707 1703 ἑκηβόλου
761 1647 810 1698 τες
834 1619 956 1704 άριστοι
973 1628 1202 1704 σφενδονῆται·
1219 1624 1321 1705 αίγάρ

549 1732 663 1810 τέχνην
761 1731 889 1811 μητέρες
898 1727 1007 1793 αὐτῶν
1015 1732 1154 1794 τιθέασιν
1162 1732 1210 1794 ἐπὶ
1222 1730 1322 1808 ξύλου

148 1834 271 1919 άδορπα
316 1837 519 1900 παιδεύσουσι
577 1842 708 1916 νηπίους
762 1842 803 1912 εἰς
836 1828 920 1914 όφος
953 1834 1012 1900 τόν
1051 1832 1149 1918 άρτον
1188 1844 1239 1901 καί
1284 1837 1321 1900 οὐ

557 1943 660 2019 γονάς.
760 1942 918 2025 πρότερον
938 1941 1048 2018 αὐτοῖς
1072 1942 1192 2008 διδόασι
1210 1956 1321 2023 φαγεῖν

147 2049 185 2112 σά
209 2048 269 2130 γάρ
292 2073 338 2124 τις
354 2045 463 2112 αὐτῶν
484 2054 608 2127 φίσεται
629 2046 706 2128 πόρ-
760 2055 835 2131 πρὶν
867 2056 1053 2127 καταβαλεῖν
1081 2049 1138 2113 τὸν
1165 2047 1321 2135 άρτον.1.)

453 2179 512 2218 νον
535 2155 660 2240 γνάθῳ,
762 2156 850 2242 Quin
889 2156 992 2223 etiam
1031 2157 1135 2223 multo
1174 2157 1321 2239 pressius

146 2269 220 2345 πρὶν
236 2260 422 2343 άνκρατίγσχ
435 2261 552 2325 ναστὸν
565 2258 708 2346 εὐστόχῳ
762 2269 895 2347 po'e'tam
926 2265 1075 2330 nostrum
1102 2262 1232 2330 Timaei
1266 2282 1321 2332 ve·

579 2374 660 2452 λίθῳ
760 2370 871 2453 stigiis
884 2369 1068 2454 ingressum
1081 2386 1154 2435 esse
1167 2369 1320 2454 eis,quae

146 2473 224 2556 ὑπὲρ
259 2473 415 2554 τράφηκος
449 2481 529 2554 σῆμα
564 2479 706 2549 κείμενον
760 2476 848 2560 apud
871 2476 985 2543 Tzetz.
1003 2475 1047 2542 ad
1070 2475 1232 2560 Lycophr.
1252 2474 1274 2541 l.
1292 2495 1319 2542 c.

525 2580 655 2642 σκόπου.
747 2581 958 2672 ,legunturffl
968 2582 1079 2650 verbis
1097 2601 1117 2648 a
1135 2582 1320 2650 Muellen·

760 2688 887 2757 hoffio
910 2687 932 2755 l.
950 2708 977 2757 c.
994 2707 1071 2772 pag.
1097 2693 1171 2754 466.
1197 2706 1320 2756 summo

758 2795 831 2862 iure
854 2794 990 2861 Timaeo
1006 2793 1199 2883 ‘vindicatis
1230 2795 1320 2863 lucu·

759 2899 1192 2983 lentissimecomprobatur.
1201 2902 1320 2987 Pergit

760 3007 847 3074 enim
872 3005 944 3075 ille:
978 3007 1076 3088 ἕτεροι
1107 3012 1140 3071 δὲ
1168 3005 1269 3091 ἤγουν
1292 3011 1320 3071 οἱ

760 3119 900 3179 Βοιωτοὶ
912 3111 968 3189 οὓς
984 3119 1035 3177 καὶ
1048 3120 1225 3196 Καρκίνους
1242 3117 1320 3194 λέγει

758 3219 947 3296 πλεύσαντες
970 3224 1011 3296 είς
1033 3220 1087 3296 τὰς
1103 3221 1254 3302 χοιράδας
1271 3225 1319 3284 καὶ

760 3329 875 3408 πέτρας
897 3327 953 3403 τάς
978 3333 1151 3407 Γυμνησίας
1179 3326 1320 3405 διάξουσι

759 3433 882 3512 γυμνόν
904 3439 992 3511 βίον,
1018 3432 1214 3517 άνυπόδετοι,
1238 3445 1320 3515 τρεῖς

760 3540 935 3618 σφενδόνας
950 3541 1147 3619 κατέχοντες,
1171 3546 1246 3616 μίαν
1275 3541 1319 3623 τῷ

104 3828 107 3834 ’
148 3821 238 3886 αὐτῆς,
261 3821 363 3885 ἐκείνην
382 3816 411 3870 δὲ
430 3819 460 3870 οὐ
473 3819 633 3872 θάπτεσθαι
651 3821 704 3873 ὑπὸ
722 3822 780 3872 τῶν
803 3822 911 3894 Τρώιον,
929 3819 998 3873 ἀλλὰ
1018 3820 1141 3872 καίεσθαι
1159 3820 1259 3891 ἀγρίοις
1276 3819 1317 3880 ἕν’·

148 3891 201 3946 λοι,Ι
221 3896 264 3941 καὶ
277 3891 311 3940 τά
325 3890 389 3942 όοτᾶ
401 3890 482 3957 αὐτῆς
494 3893 638 3963 ῥίπτεσθαι
654 3896 691 3948 εἴς
703 3890 853 3945 θάλασσαν.
873 3888 1002 3949 Ceterum
1015 3892 1096 3948 huius
1109 3889 1222 3946 fabulae
1235 3891 1318 3961 origi·

147 3980 209 4031 nem
228 3963 341 4016 Timaeo
360 3963 515 4018 rectissime
537 3964 690 4020 vindicavit
711 3965 909 4020 Knaaclrius
928 3980 1035 4032 quoque
1060 3963 1089 4018 in
1111 3968 1318 4032 programmate

149 4035 266 4100 quodam
292 4033 494 4106 ‘Callimachea’
519 4035 652 4106 inscripto
679 4041 707 4090 et
733 4036 799 4093 1887
819 4036 906 4104 edito,
924 4052 992 4106 pag.
1013 4035 1046 4090 10
1065 4050 1105 4101 sq.

239 4124 260 4193 ¹)
277 4123 319 4177 Ad
337 4121 450 4178 verbum
469 4124 663 4192 transscripsit
685 4124 755 4179 haec
773 4125 867 4180 Taetz.
887 4125 922 4180 ad
940 4124 1076 4194 Lycophr.
1096 4123 1157 4176 638.

237 4210 258 4281 ²)
284 4211 393 4265 Etenim
427 4227 461 4266 ne
495 4211 638 4266 credamus
671 4212 740 4267 haec
768 4212 853 4268 verba
881 4229 896 4268 e
924 4214 1044 4268 Taetzae
1075 4210 1163 4279 ipsius
1191 4210 1319 4266 doctrina

147 4282 275 4350 profecta
294 4289 344 4337 aut
362 4297 377 4337 e
395 4281 522 4337 versibus
542 4283 746 4351 Lycophroneis
767 4282 800 4338 ab
821 4299 853 4338 eo
873 4284 1000 4339 derivata
1019 4300 1080 4339 esse
1099 4281 1179 4336 Diod.
1199 4283 1232 4350 V,
1254 4286 1286 4337 18
1298 4283 1317 4337 f.

147 4354 321 4422 impedimur,
351 4353 429 4409 cuius
456 4353 670 4421 descriptionem
692 4354 850 4409 Balearium
874 4355 1026 4410 insularum
1051 4363 1140 4410 totam
1164 4367 1179 4407 e
1205 4353 1318 4408 Timaeo

149 4424 337 4495 depromptam
359 4440 419 4479 cum
434 4426 538 4479 Tzetza
557 4425 616 4480 fere
635 4425 711 4480 nulla
730 4426 758 4481 in
777 4441 807 4480 re
825 4442 880 4481 non
899 4441 1052 4498 congruere
1072 4423 1254 4492 sagacissime
1274 4424 1318 4479 de·

146 4495 312 4550 monstravit
330 4495 402 4550 idem
422 4495 712 4551 Muellenhoffius
731 4497 748 4550 l.
770 4513 792 4550 c.
