2948 5048
682 336 901 396 ...54-

417 508 553 588 στνγνὴν
575 506 709 586 Ἀχαιῶν
733 513 773 583 είς
795 506 914 585 Ἰάονας
936 509 1058 591 βλάβην

416 618 548 679 λεῦσσον
572 616 676 693 φόνον
700 621 725 677 τ’
734 616 874 694 ἔμφυλον
898 614 1066 699 ἀγραύλων
1090 620 1207 695 λύκων,

418 720 497 787 ὅταν
520 719 632 787 θανών
656 721 812 804 λῇταρχος
834 728 928 805 ἱρείας
950 724 1069 803 σκύλαξ

417 838 543 911 πρῶτος
566 836 698 914 κελαινῴ
721 829 834 906 βωμὸν
858 832 971 909 αἱμάξῃ
994 833 1112 917 βρότῳ.

295 940 401 1024 Quam
429 937 577 1002 fabulam
606 934 634 1000 si
666 936 844 1020 sequimur,
870 935 1006 1004 Troiani
1029 940 1175 1021 qnidam,
1200 941 1257 1023 qui
1281 942 1389 1009 Troia

205 1050 307 1129 capta
331 1045 365 1112 in
389 1043 474 1112 ostio
500 1043 582 1112 Siris
606 1042 697 1110 fluvii
721 1044 816 1111 sedes
839 1044 1030 1127 petiverant
1059 1050 1236 1129 urbemque
1259 1048 1389 1117 Troiae

205 1153 430 1238 cognominem
463 1150 677 1217 condiderant
709 1149 815 1235 (πόλιν
845 1149 958 1226 ὁμοίαν
988 1149 1065 1239 Ἰλίῳ
1097 1155 1276 1241 eripueras),
1311 1175 1390 1222 cum

204 1261 314 1342 aliquo
337 1259 546 1326 Achaeorum
570 1257 687 1340 oppido
715 1257 846 1325 foedere
871 1258 1038 1325 coniuncti
1066 1259 1219 1347 (στυγνὴν
1249 1259 1388 1339 Ἀχαιῶν

205 1373 246 1443 εἰς
268 1364 405 1451 Ἰάονας)
430 1384 485 1433 eos
509 1366 627 1444 Jones,
656 1363 712 1446 qui
739 1363 773 1429 in
803 1383 861 1430 ora
889 1364 1055 1432 maritima
1082 1367 1172 1434 inter
1198 1369 1388 1436 Tarentum

206 1480 242 1542 et
266 1474 364 1542 Sirim
386 1472 520 1541 hunum
544 1470 709 1536 domicilia
724 1471 925 1548 habuerunt,
943 1474 1095 1557 aggressi
1111 1493 1184 1542 esse
1201 1480 1236 1541 et
1251 1475 1389 1560 ingenti

206 1580 308 1649 caede
341 1579 435 1646 facta
466 1579 571 1660 ipsam
602 1576 786 1645 Minervam
818 1579 979 1664 sanguine
1014 1599 1183 1647 caesorum
1217 1582 1389 1650 hominum

207 1706 417 1771 conspersam
444 1686 588 1754 violasse
618 1684 779 1751 dicuntur.
833 1685 899 1753 Sed
925 1686 1096 1754 videamus
1123 1687 1277 1770 primum,
1307 1707 1389 1755 num

207 1801 300 1863 recte
324 1814 344 1860 a
367 1792 461 1859 nobis
486 1810 601 1859 sensus
625 1791 754 1858 illorum
777 1810 930 1859 versuum
955 1795 1148 1862 enucleatus
1172 1795 1227 1862 sit.
1265 1794 1389 1877 Atque

206 1923 226 1968 a
261 1899 414 1968 Troianis
446 1898 574 1966 facinus
607 1897 690 1964 illud
719 1898 897 1966 nefandum
932 1901 1138 1968 commissum
1172 1921 1245 1969 esse
1276 1903 1387 1986 Lyco-

205 2008 340 2093 phronis
363 2007 514 2074 versibus
538 2005 686 2072 excussis
711 2009 837 2073 certum
862 2008 1132 2090 exploratumque
1148 2009 1282 2078 videtur
1298 2027 1387 2076 esse.

206 2117 278 2201 Quo
310 2114 395 2182 enirn
428 2113 492 2179 alio
525 2131 624 2180 sensu
654 2114 737 2179 haec
768 2117 871 2182 verba
901 2134 955 2182 vv.
990 2122 1052 2178 985
1085 2135 1155 2197 sqq.
1189 2114 1389 2198 accipienda

206 2224 288 2307 sint,
317 2240 368 2288 me
392 2240 456 2287 non
480 2225 641 2302 exputare
664 2219 815 2306 fateor1).
862 2220 945 2289 Onm
968 2226 1080 2288 autem
1102 2223 1200 2305 paulo
1228 2226 1305 2303 post
1328 2242 1387 2290 vv.

209 2336 282 2413 989,
317 2333 367 2391 90.
407 2326 519 2393 caedis
552 2325 754 2393 Graecorum
782 2347 803 2393 a
834 2327 975 2396 Graecis
1002 2328 1121 2395 illatae
1156 2327 1279 2395 mentio
1311 2328 1388 2413 fiat,

209 2454 271 2518 quo
295 2434 430 2501 tandem
454 2433 518 2499 alio
541 2432 635 2499 modo
659 2451 731 2498 cnm
748 2433 810 2519 eis,
827 2453 912 2517 quae
928 2435 1145 2511 antecedunt,
1163 2434 1390 2502 consocianda

208 2561 282 2609 esse
305 2545 415 2625 putas,
437 2539 502 2606 nisi
518 2538 679 2606 Troianos
702 2540 777 2607 illos
801 2561 874 2608 eum
888 2542 1037 2609 Achaeis
1062 2541 1258 2609 societatem
1280 2541 1389 2609 inisse

210 2671 304 2678 ...-
311 2669 423 2676 .-.--.--

210 2718 346 2787 respectis
375 2715 480 2772 duabus
508 2715 738 2785 paraphrasihus‚
768 2732 838 2785 quae
865 2715 1026 2789 ἀδακρύτοις
1053 2717 1196 2787 exhibent,
1224 2718 1253 2773 in
1276 2722 1389 2773 textum

207 2805 271 2845 rece
291 2789 321 2843 it.

272 2806 320 2926 p¹)
341 2858 453 2919 Minime
473 2862 566 2913 autem
585 2858 620 2914 ad
639 2859 804 2914 Enmanni
823 2860 989 2916 sententiam
1008 2861 1025 2915 l.
1038 2877 1060 2915 c.
1079 2877 1144 2931 pag.
1155 2861 1215 2916 161.
1234 2874 1278 2915 me
1296 2861 1388 2929 appli-

209 2931 330 2988 caverim
355 2930 411 2985 illis
435 2929 561 2985 versibus
585 2931 673 2985 solam
698 2931 872 2986 Achaeorum
898 2948 958 2987 cum
983 2932 1099 2987 Jonibus
1127 2947 1248 3002 pugnam
1277 2931 1389 2987 factam

210 3002 350 3058 contineri
369 3000 520 3056 statuentis
540 3006 569 3056 et
592 3018 609 3057 a
627 3005 712 3070 poeta
730 3002 912 3058 Troianorum
932 3003 1058 3058 coloniae
1076 3003 1152 3058 illius
1170 3004 1199 3057 in
1218 3001 1286 3058 Siris
1306 3002 1387 3058 fluvii

212 3074 355 3144 regionem
384 3072 519 3127 deductae
548 3073 714 3128 mentionem
739 3073 847 3129 omnino
871 3091 926 3129 non
951 3074 1082 3129 iniectam
1106 3090 1167 3129 esse
1194 3074 1388 3142 proponentis.

210 3147 288 3200 Haec
308 3144 381 3199 enim
400 3143 481 3198 dicit:
500 3143 553 3199 Die
572 3144 703 3214 Legenda
721 3144 760 3199 ist
775 3145 926 3214 jedenfalls
946 3145 1007 3200 dem
1022 3147 1174 3216 Vorgange
1192 3144 1237 3200 bei
1256 3145 1306 3199 der
1319 3145 1389 3201 Zer-

209 3222 344 3286 stoerung
363 3215 463 3285 TroJ’as
475 3215 531 3269 und
542 3214 604 3270 dem
622 3214 719 3270 Raube
738 3216 788 3270 der
802 3217 965 3272 Kassandra
983 3216 1189 3285 nachgehildet.
1209 3215 1332 3272 Deshalh
1346 3217 1389 3272 ist

208 3288 253 3343 die
272 3286 467 3357 Erzaehlung,
491 3286 544 3342 wie
563 3286 603 3342 sie
631 3287 660 3341 in
679 3287 732 3341 den
755 3293 849 3342 ersten
873 3289 992 3343 Worten
1015 3288 1188 3357 Lykophro's
1213 3287 1389 3358 angedeutet

208 3359 286 3427 wiri,
307 3359 371 3414 dass
382 3359 469 3412 Troer
488 3357 517 3412 in
526 3358 629 3413 italien
644 3358 729 3428 jenen
742 3359 843 3415 Frevel
862 3375 913 3414 vor
932 3359 993 3414 dem
1012 3359 1154 3414 troisehen
1166 3359 1246 3414 Bilde
1265 3359 1388 3414 veruebt

208 3430 298 3485 haben
318 3430 415 3497 sollen,
435 3429 480 3485 ein
499 3429 619 3499 Unding.
650 3430 749 3484 Dieser
768 3430 968 3499 Widersprueh
986 3446 1062 3486 muss
1081 3431 1273 3501 domgemaess
1292 3429 1384 3485 elimi-

208 3502 267 3557 nirt
286 3501 405 3558 werden.
443 3503 500 3555 Der
518 3500 635 3556 Dichter
652 3502 747 3557 wollte
766 3501 817 3556 mit
837 3501 889 3556 den
909 3503 1044 3559 Worten:

421 3570 503 3622 πόλιν
522 3567 644 3637 δ’ὁμοίαν
662 3569 732 3636 Ἰλίῳ
751 3568 921 3640 δυςδαίμονες

422 3640 560 3709 δείμαντες

209 3715 395 3842 αία9ἔιὸοίιααο
413 3713 583 3784 Gruendung
602 3714 748 3784 andeuten,
768 3715 812 3769 ‹iie
832 3714 959 3786 einzigen
977 3715 1094 3772 Frevler
1113 3715 1174 3771 sind
1194 3713 1238 3769 die
1257 3714 1389 3770 Achaeer

207 3803 233 3843 v.
313 3806 318 3840 :

276 3875 278 3879 ·
420 3855 536 3978 Ξτυγνὴν
554 3853 689 3922 δ”Αχοιιιῗιν
707 3861 743 3912 εἰς
760 3857 865 3912 Ἰάονας
883 3856 992 3925 βλάβην

437 3947 537 3980 evilim).

208 4000 244 4054 ni
263 3999 344 4067 enim,
365 4000 412 4067 qui
430 3999 525 4055 urbem
545 4001 647 4055 Troiae
666 4000 784 4055 similem
804 4000 986 4055 condiderunt
996 3996 1168 4068 (δείμαντες),
1188 3997 1387 4067 proculdubio

208 4070 323 4126 Troiani
342 4075 435 4126 erant:
474 4087 544 4139 quae
569 4071 641 4126 enim
666 4071 786 4126 Achaeis
811 4087 896 4126 causa
921 4076 983 4126 erat
1007 4071 1093 4125 talem
1111 4069 1207 4125 urbem
1227 4069 1387 4126 condendi?

209 4143 297 4198 Simili
319 4142 348 4196 in
375 4158 468 4197 errore
493 4142 560 4197 mihi
584 4142 695 4197 videtur
713 4143 820 4198 versari
839 4143 966 4198 Rosius
985 4143 1003 4196 1.
1023 4158 1062 4210 e,
1087 4141 1134 4208 qui
1157 4145 1222 4210 post
1245 4139 1331 4195 verba
1350 4155 1388 4194 ex

208 4216 308 4270 Athen.
328 4215 346 4269 l.
367 4231 389 4268 c.
410 4214 508 4269 allata:
541 4218 584 4265 καί
603 4216 629 4264 oi
647 4213 698 4280 τὴν
716 4218 794 4286 Σῖριν
812 4210 841 4264 δὲ
860 4214 1062 4273 κατοικοῦντες,
1080 4213 1114 4279 ἣν
1131 4212 1236 4283 πρῶτοι
1254 4214 1388 4274 κατέσχον

209 4288 233 4336 oi
252 4285 307 4336 ἀπὸ
331 4288 355 4337 Τ
368 4288 424 4340 otas
443 4283 574 4340 ἐλθόντες
593 4286 621 4339 ία
640 4285 718 4340 uncis
739 4285 860 4340 addidit:
881 4285 986 4340 Achaei
1005 4285 1063 4341 scil.
1084 4284 1119 4338 cf.
1140 4282 1230 4338 Strab.
1249 4283 1298 4350 VI,
1316 4298 1387 4352 pag.

210 4359 269 4410 264.
289 4306 382 4426 StepAn
402 4378 421 4411 ι.
442 4360 521 4426 Σῖρις.
553 4357 648 4424 Neque
667 4373 733 4412 vero
752 4357 809 4412 ullo
835 4357 915 4412 modo
935 4373 952 4412 a
970 4372 1013 4410 me
1032 4356 1183 4425 impetrare
1201 4369 1327 4436 possum,
1353 4360 1389 4409 ut

209 4428 245 4482 ad
263 4428 349 4484 verba
368 4430 393 4479 οί
411 4427 467 4478 ἀπὸ
490 4429 583 4498 Τροίας
602 4425 732 4484 ἐλθόντες
750 4429 823 4484 nude
835 4428 929 4497 posita
948 4428 1043 4483 statim
1057 4427 1230 4482 Achaeorum
1242 4431 1389 4480 nouonem

211 4498 356 4555 subaudiri
374 4514 455 4570 posse
475 4498 592 4554 credam.
