2948 5048
687 367 907 427 ..66-

211 545 239 603 εί
269 539 311 620 μή
344 538 416 622 παρ’
453 545 599 604 Αἰτωλοῦ
627 540 803 621 ’ἐργάζοιτο
840 543 869 602 οί
904 539 1029 604 Δαύνιοι
1064 541 1317 622 παραγενόμενοι
1350 546 1397 618 εἰς

211 652 367 711 Αἰτωλίαν
398 648 552 729 ἐκήρυξαν
584 646 657 722 τοὺς
687 649 901 724 βουλομένους
931 648 1036 711 ἐλθεῖν
1067 653 1117 710 καί
1145 645 1322 725 ἀπολαβεῖν
1353 649 1395 712 τὸ

213 762 271 816 τοῦ
293 753 465 834 Διομήδους
486 756 580 835 μέρος
603 757 657 834 τής
679 761 734 833 γῆς
748 805 755 820 .
769 753 933 816 ἐλθόντων
956 756 989 816 ἀὲ
1012 760 1078 816 τῶν
1101 758 1252 819 Αἰτωλῶν
1275 759 1319 831 εἰς
1334 753 1395 837 τήν

211 869 277 925 τῶν
300 866 443 924 Δαυνίων
465 861 576 941 χώραν
598 866 648 923 καί
672 858 891 924 ἀπαιτούντων
914 857 972 940 τήν
995 866 1053 940 γήν
1077 864 1106 923 οί
1130 862 1255 926 Δαύνιοι
1271 861 1393 940 λαβόν-

212 991 260 1042 τις
288 970 469 1046 κατέχωσαν
497 965 615 1042 αὐτοὺς
644 970 765 1045 ζωντας
792 969 958 1044 λέγοντες·
982 965 1169 1047 ἀπειλήφατε
1191 968 1248 1033 τόν
1268 976 1394 1051 κλήρου

212 1077 267 1154 τῆς
290 1082 345 1154 γῆς
368 1072 467 1150 ὑμῶν.
515 1075 688 1141 Postremo
711 1075 795 1141 bene
819 1073 952 1156 accidit,
977 1078 1015 1138 ut
1044 1074 1159 1141 eadem
1182 1074 1299 1143 fabula
1323 1077 1395 1143 alio

210 1181 283 1248 loco
307 1182 395 1264 apud
417 1181 531 1247 Tzetz.
557 1181 600 1246 ad
624 1181 785 1264 Lycophr.
806 1186 881 1246 603.
900 1184 1065 1245 occurrat:
1092 1179 1160 1244 ὅσι’
1184 1200 1277 1264 φησιν
1295 1178 1395 1260 οὗτος

210 1286 229 1351 ό
253 1288 436 1369 Λυκόφρων
455 1288 641 1369 ἔμπροσθεν,
666 1280 713 1350 ότι
737 1285 938 1368 ἀκαρποόσης
961 1287 1014 1364 τής
1030 1291 1173 1351 Δαυνίων
1188 1291 1243 1369 γῆς
1266 1287 1320 1353 ab
1336 1288 1396 1366 τάς

212 1393 289 1476 ἀράς
311 1396 484 1475 Διομήδους
505 1395 779 1472 μεταπεμψάμενοι
803 1398 832 1458 οί
855 1392 980 1457 Δαόνιοι
997 1399 1187 1470 συμπολίτας
1204 1403 1261 1458 τοῦ
1277 1396 1393 1478 Διομή-

213 1506 289 1577 δους
312 1507 363 1564 καί
389 1502 540 1578 βαλόντες
564 1504 684 1580 ζῶντας
712 1506 752 1575 εἰς
779 1504 838 1582 γῆν
865 1502 1014 1580 ἐποίησαν
1041 1500 1207 1582 καρπεόειν
1236 1499 1296 1583 τήν
1319 1506 1391 1584 γῆν.

211 1608 372 1694 Quoniam
385 1608 472 1674 enim
484 1613 591 1675 totam
599 1608 693 1674 illam
701 1607 849 1674 fabulam
859 1605 1075 1674 Diomedeam
1085 1606 1393 1696 (vv-592-632)a

208 1715 494 1782 nostroeTimaeo
503 1719 747 1797 sumptamesse
760 1733 859 1797 supra
872 1713 1156 1796 comprobavimus
1166 1713 1391 1803 (of.pag.aa.),

210 1823 312 1889 etiam
327 1822 362 1888 in
377 1821 711 1904 interpretationibus
728 1841 747 1888 a
764 1821 947 1888 scholiasta
960 1826 996 1887 ct
1012 1821 1141 1888 Tretza
1157 1822 1233 1888 huic
1247 1821 1392 1891 fabulae

210 1929 379 2013 suggestis
403 1929 508 1995 multa
540 1928 686 1995 eiusdem
718 1927 890 2010 scriptoris
920 1926 1069 2010 vestigia
1097 1928 1205 1995 latere
1228 1948 1295 1996 non
1318 1931 1391 1997 erit

207 2035 392 2119 negandum
417 2034 474 2121 (of.
498 2035 599 2101 schol.
625 2039 660 2100 et
683 2036 798 2102 Tuetz.
824 2033 876 2100 ad.
901 2033 1064 2117 Lycophr.
1092 2041 1179 2114 615).

300 2142 376 2208 Non
398 2141 449 2207 ita
473 2142 611 2208 multum
635 2141 753 2208 deinde
777 2142 820 2207 ad
835 2144 984 2207 nostram
1001 2141 1261 2224 disputationem
1277 2142 1392 2211 lucra-

209 2268 280 2314 mur
304 2268 345 2315 ex
368 2268 408 2314 ea
431 2247 560 2331 fabula,
585 2267 670 2330 quae
706 2248 746 2314 de
781 2247 967 2314 Tamesae
1003 2247 1184 2333 originibus
1216 2247 1393 2318 Schedia

209 2359 244 2421 et
255 2355 420 2436 Epistro
426 2356 499 2437 pho
512 2353 715 2421 Graecorum
727 2354 864 2422 ducibus
880 2354 1002 2421 debitis
1019 2374 1040 2421 a
1055 2360 1169 2422 nostro
1184 2374 1238 2422 vv.
1256 2361 1392 2421 1067-

210 2467 260 2524 74.
286 2460 483 2527 celebratur.
537 2461 591 2527 Ne
615 2461 727 2529 Strab.
759 2462 832 2543 VI,
865 2480 942 2545 pag.
969 2467 1042 2526 255.
1075 2461 1214 2544 quidem,
1245 2463 1302 2543 qui
1324 2465 1391 2530 hoo

206 2567 278 2633 loco
294 2565 455 2632 Antiochi
474 2566 677 2650 Syracusani
692 2568 918 2634 narrationem
935 2568 1142 2651 compilavit,
1163 2568 1198 2634 in
1215 2575 1390 2637 certamen

208 2674 376 2742 vocandus
409 2678 475 2751 est,
512 2693 585 2740 curn
620 2674 870 2757 aliquantuma
901 2679 1015 2742 nostro
1042 2674 1193 2741 recedat:
1226 2673 1290 2739 ἀπὸ
1325 2674 1390 2758 γὰρ

208 2779 297 2843 Δάου
312 2778 423 2860 πρώτη
445 2780 535 2855 πόλις
558 2782 619 2844 ἐστί
635 2790 690 2862 τής
704 2787 850 2863 Βρεττίας
877 2784 998 2861 Τεμέση,
1028 2784 1154 2861 Τίμαιαν
1177 2778 1239 2844 dot
1254 2784 1315 2846 νῦν
1331 2806 1388 2847 κα-

206 2894 325 2962 λοῦσιν,
344 2883 497 2950 Αὐσόνων
510 2893 629 2964 κτίσμα,
644 2885 777 2970 ὕστερον
793 2892 826 2952 δὲ
841 2894 892 2951 καί
907 2891 1058 2953 Αἰτωλῶν
1070 2891 1135 2953 τῶν
1146 2885 1228 2965 μετὰ
1242 2888 1389 2965 Θόαντος

212 3012 297 3073 eqss.
345 2991 411 3060 Sed
442 2994 496 3060 uel
526 3013 567 3060 ea
596 2995 671 3078 ipsa
702 3014 804 3062 causa
833 2995 968 3062 Timaeo
998 2996 1084 3061 hanc
1112 2994 1260 3061 fabulam
1290 2994 1387 3062 addi-

208 3100 345 3166 cendam
353 3117 426 3166 esse
444 3099 586 3181 suspicio
602 3107 761 3185 movetur,
772 3121 857 3183 quae
866 3101 927 3185 his,
945 3121 1030 3184 quae
1046 3121 1132 3169 nunc
1147 3100 1386 3180 tractabimus,

208 3208 252 3273 ad
275 3206 583 3276 versimilitudinem
605 3209 806 3290 perducitur.
847 3206 1004 3290 Sequitur
1026 3208 1112 3275 enim
1132 3207 1307 3274 notissima
1323 3208 1389 3277 illa

205 3314 360 3381 navium
399 3334 420 3379 a
454 3312 640 3381 Troianis
677 3314 838 3382 feminis
877 3315 1054 3398 captivis
1092 3315 1388 3383 combustarum

205 3419 342 3487 fabula
373 3418 718 3507 (rutero-1082).
773 3423 847 3509 Qua
879 3423 907 3489 si
942 3422 1015 3503 quis
1050 3421 1244 3506 diligentius
1279 3422 1388 3490 imbui

206 3527 352 3603 studeat,
378 3527 479 3593 adeat
502 3527 601 3595 velim
624 3535 759 3610 praeter
781 3528 931 3612 Heynii
954 3528 998 3594 ad
1021 3529 1123 3614 Verg.
1145 3528 1232 3595 Aen.
1248 3529 1292 3600 V.
1309 3548 1386 3597 exc.

204 3633 266 3703 VI.
291 3633 511 3699 Hauboldii
539 3634 810 3702 dissertationem
832 3636 854 3700 l.
880 3654 1008 3718 apag.
1035 3640 1085 3700 31.
1111 3640 1181 3702 not.
1210 3641 1242 3699 1:
1275 3635 1386 3720 nobis

205 3738 291 3804 unde
316 3738 406 3823 origo
431 3739 500 3806 eius
524 3742 669 3824 petenda
693 3743 753 3827 sit,
782 3741 923 3808 maxime
955 3742 1046 3808 cordi
1069 3741 1142 3807 crit.
1189 3741 1263 3806 Iam
1292 3740 1388 3809 inter

204 3850 337 3912 veteres
373 3853 525 3915 auctores
561 3868 683 3933 magna
718 3848 883 3916 discordia
917 3854 1053 3928 exorta,
1090 3847 1219 3915 cuinam
1253 3846 1388 3931 regioni

204 3951 320 4018 tabula
336 3952 395 4018 illa
412 3955 615 4039 assignanda
629 3961 729 4039 esset,
747 3956 832 4022 duae
847 3954 1055 4038 potissimum
1072 3954 1241 4037 opiniones
1258 3954 1386 4022 ceteris

203 4061 441 4141 praestabant,
472 4079 608 4142 quarum
632 4062 741 4128 altera
766 4060 972 4128 auctoritate
994 4060 1194 4128 Aristotelis
1218 4064 1254 4126 et
1277 4059 1386 4128 Theo·

203 4167 313 4248 pompi
348 4167 435 4249 apud
465 4167 602 4250 Dionys.
627 4168 707 4235 Hal.
731 4169 766 4251 I,
794 4174 844 4232 72.
877 4170 1072 4235 sustentata
1108 4166 1195 4249 apud
1229 4166 1383 4252 Romam,

204 4272 331 4349 altera,
368 4291 465 4354 quarn
500 4273 638 4357 primurn
670 4294 690 4340 a
722 4274 939 4358 Lycophrone
969 4275 1024 4342 vel
1059 4275 1103 4340 ab
1138 4276 1275 4340 anctore
1310 4273 1385 4342 eins

202 4379 369 4461 prolatam
394 4400 467 4447 esso
491 4400 553 4466 ego
577 4380 706 4462 quidem
729 4381 842 4464 video,
865 4381 900 4447 in
923 4380 1079 4447 inferiore
1101 4380 1208 4447 Italia
1231 4397 1338 4448 naues
1363 4399 1385 4447 a

206 4484 358 4553 Troianis
394 4485 461 4553 illis
497 4486 628 4554 seminis
663 4505 822 4554 accensas
855 4506 929 4555 esse
961 4486 1171 4555 defendebat.
1227 4484 1264 4555 si
1294 4485 1386 4555 enim
