2948 5048
680 338 897 397 ..64-

201 512 412 595 explicandos
435 515 555 594 politae
584 529 700 579 versus
728 511 763 576 in
791 510 901 592 aliquo
929 514 1007 577 sunt
1034 529 1183 594 numero,
1212 515 1382 593 quantam

201 620 355 686 Timaeus
384 637 516 701 operam
544 618 578 684 in
603 617 795 702 colligendis
826 616 987 699 omnibus,
1017 636 1102 699 quae
1131 619 1175 684 ad
1197 618 1379 704 Argonau-

202 732 310 792 tarum
327 744 455 793 errores
472 729 507 790 et
523 743 621 792 casus
637 725 847 806 spectabant,
871 723 994 791 fabulis
1012 726 1252 808 consumpserit
1272 746 1380 809 quan-

201 839 303 914 taque
315 832 490 917 diligentia
502 831 647 915 vestigia
664 848 775 897 eorum
790 849 891 911 nsque
909 831 952 896 ad
966 832 1205 900 remotissimas
1220 833 1381 918 regiones

200 946 429 1023 perscrutatus
464 939 527 1022 sit,
562 937 775 1004 manifestum
810 942 871 1003 est.
929 935 995 1003 Sed
1026 937 1056 1005 si
1087 938 1159 1021 quis
1194 958 1236 1005 ex
1268 940 1381 1023 ipsius

200 1045 425 1131 Lycophronis
457 1044 568 1113 verbis
599 1044 768 1128 singulas,
802 1048 963 1123 quotquot
994 1064 1016 1110 a
1047 1043 1179 1113 Oolchis
1211 1046 1381 1114 deductae

119 1238 125 1247 .
201 1157 292 1236 sunt,
328 1152 472 1219 colonias
501 1152 602 1219 certis
630 1149 825 1232 quibusdam
855 1151 936 1218 locis
960 1151 1134 1236 assignare
1158 1152 1304 1220 animum
1327 1153 1380 1220 iu·

201 1261 315 1343 ducat,
346 1279 388 1326 ne
410 1258 466 1325 ille
491 1278 623 1341 operam
648 1264 683 1324 et
707 1258 812 1323 oleum
841 1257 1024 1340 perdidisse
1047 1257 1215 1344 videatur,
1245 1279 1378 1327 vereor.

200 1367 289 1433 Nam
322 1386 393 1432 cum
423 1371 524 1450 poeta
557 1363 787 1433 Chalcidensis
818 1384 877 1446 per
906 1369 1015 1433 totum
1047 1385 1179 1433 carmen
1208 1366 1243 1433 iu
1274 1369 1380 1435 rebus

200 1473 432 1558 geographicis
459 1473 575 1539 miram
605 1471 844 1539 obscuritatem
873 1475 908 1538 et
937 1472 1190 1557 ambiguitatem
1220 1477 1381 1541 ostentat

200 1585 271 1646 tum
301 1582 363 1646 hoc
393 1580 465 1645 loco
479 1627 483 1632 ·
497 1579 621 1647 vitiosa
653 1577 745 1644 codd.
777 1577 919 1645 lectione
950 1579 1159 1662 impedimur,
1193 1580 1379 1664 quominus

201 1705 285 1768 quae
320 1686 385 1752 sibi
415 1685 522 1754 velint
552 1689 673 1767 poetae
704 1685 824 1767 verba,
862 1704 1090 1768 agnoscamus.
1145 1687 1193 1753 Et
1224 1686 1381 1768 quamvis

201 1791 405 1859 auctoritate
429 1793 543 1875 Steph.
567 1794 650 1875 Byz.
675 1811 700 1858 s.
725 1812 756 1860 u.
781 1791 938 1875 Κίλικες,
968 1811 1066 1875 quam
1094 1791 1129 1859 in
1152 1798 1250 1860 textu
1272 1792 1382 1876 Lyco·

200 1900 345 1982 phroneo
368 1899 575 1966 restituendo
599 1898 687 1967 haud
707 1898 926 1981 respuendam
949 1918 1021 1966 esse
1037 1899 1105 1965 iam
1120 1918 1220 1982 supra
1236 1919 1381 1967 comme-

201 2006 398 2074 moravimus
422 2007 512 2091 (pag.
539 2005 604 2093 12),
630 2005 797 2073 sublevati
819 2024 873 2074 vv.
895 2011 989 2070 1021.
1007 2025 1054 2087 sq.
1077 2007 1164 2073 hunc
1187 2005 1223 2072 iu
1245 2007 1381 2074 modum

201 2113 387 2181 Scheerio
411 2113 596 2181 auxiliante
619 2112 787 2180 emendati
810 2112 893 2179 sint:

436 2228 555 2302 Κρᾶθις
577 2224 611 2284 δὲ
634 2224 746 2297 γείτων
769 2215 823 2299 ἠδὲ
845 2219 1009 2283 Μυλόκων
1033 2214 1107 2300 όρος

434 2326 541 2408 χώρας
563 2331 727 2400 συνοίκους
750 2327 866 2404 δέξεται
889 2326 1025 2404 Κόλχων
1048 2325 1174 2403 Πόλεις,

200 2438 313 2500 tamen
350 2433 385 2497 in
424 2434 628 2516 explicandis
668 2431 807 2516 singulis
846 2432 956 2499 verbis
994 2434 1184 2500 haeremus:
1224 2452 1302 2500 nam
1342 2439 1382 2500 et

201 2538 337 2607 Crathis
364 2539 482 2608 fluvius
511 2544 545 2606 et
573 2540 740 2623 Mylacum
771 2558 853 2624 gens
883 2539 918 2605 in
946 2559 986 2606 ea
1017 2539 1150 2624 regione
1182 2539 1251 2606 sita
1280 2539 1381 2608 nobis

201 2645 330 2713 omnino
353 2646 469 2730 ignota
493 2650 581 2713 sunt.

289 2751 355 2819 His
379 2757 603 2819 annectuntur
624 2753 659 2820 in
681 2772 735 2821 uv.
763 2757 947 2816 ihil-33.
973 2771 1033 2818 eae
1056 2751 1204 2835 fabulae,
1226 2772 1312 2836 quae
1335 2754 1381 2821 de

199 2858 342 2927 Melita
372 2859 481 2926 insula
512 2859 662 2927 Othrono
692 2860 846 2938 finitima,
877 2860 917 2927 de
944 2858 1077 2928 Ulixis
1104 2860 1380 2942 promunturio

199 2967 235 3032 in
259 2966 374 3033 Sicilia
398 2965 476 3041 sito,
503 2966 543 3032 de
569 2967 724 3034 illustri
754 2966 898 3050 templo
921 2965 960 3032 in
983 2967 1165 3033 honorem
1188 2967 1380 3034 Hecubae

201 3073 248 3138 ab
276 3092 318 3139 eo
347 3075 581 3139 constructo
608 3077 803 3158 narrantur,
832 3073 904 3141 sine
932 3072 1030 3140 dubio
1058 3092 1168 3141 omnes
1198 3092 1239 3140 ex
1262 3073 1381 3141 eodem

201 3179 335 3247 Timaeo
364 3179 547 3248 derivatae.
595 3181 800 3267 Quamquam
827 3183 919 3248 nulla
948 3180 1016 3247 alia
1045 3200 1082 3248 re
1112 3181 1178 3248 nisi
1208 3184 1285 3247 arta
1315 3179 1381 3247 illa

200 3287 443 3355 necessitudine
473 3288 564 3355 inter
593 3288 840 3372 Lycophronem
877 3293 912 3355 et
944 3287 1114 3355 Timaeum
1146 3286 1381 3355 intercedente

201 3394 337 3461 adducti
360 3396 421 3461 hoc
445 3413 573 3462 sumere
596 3415 781 3477 possumus:
806 3415 848 3462 ne
871 3394 967 3461 Diod.
992 3396 1033 3472 V,
1063 3401 1101 3459 12
1126 3393 1257 3476 quidem
1279 3393 1381 3462 huius

201 3566 299 3621 δ’ἐστὶν
317 3569 430 3641 α’ρχαῖον
449 3568 565 3635 Κόλχων
583 3571 641 3622 τῶν
659 3571 702 3623 ἐπὶ
720 3570 771 3637 τὴν
790 3567 912 3638 Μήδειαν
931 3570 1158 3640 ἐκπεμφθέντων,
1169 3566 1383 3642 διαμαρτόντων

201 3636 230 3691 δὲ
248 3642 293 3707 τῆς
311 3640 430 3712 πράξεως
449 3646 492 3692 καὶ
512 3642 706 3711 καταγνόντων
725 3643 831 3694 ἑαυτῶν
850 3641 938 3712 φυγήν

555 3714 588 3763 τό
606 3733 653 3765 κεν
671 3710 798 3783 φυγάδων
815 3716 867 3780 μὲν
886 3714 986 3765 ἐνίσποι

274 3785 301 3833 Γ
296 3782 386 3854 ραικός
405 3782 452 3852 (ως
472 3781 643 3851 Καλλίμαχος
660 3787 785 3856 εἴρηκεν),
810 3784 881 3857 ἀτὰρ
904 3787 1000 3836 κείνων
1009 3782 1101 3853 γλῶσιί
1115 3782 1227 3852 ὀνόμηνε
1242 3781 1342 3838 Πόλεις.

203 3854 293 3908 Sirub.
314 3855 336 3922 I,
354 3870 418 3924 pag.
438 3857 487 3910 21:
516 3852 650 3907 δείκνυται
674 3856 727 3927 γάρ
750 3875 812 3908 τινα
831 3861 875 3907 καὶ
893 3859 953 3927 περὶ
976 3854 1011 3906 τὰ
1030 3855 1169 3926 Κεραύνια
1188 3854 1236 3927 όρη
1254 3859 1298 3906 καὶ
1316 3860 1382 3928 περὶ

201 3923 252 3976 τόν
269 3922 375 3995 Ἀδρίαν
394 3929 437 3976 καὶ
456 3926 486 3977 ἐν
504 3927 544 3990 τῷ
557 3923 757 3992 Ποοειδωνιοίτη
776 3928 869 3992 κόλπῳ
887 3931 931 3978 καὶ
949 3940 1008 3982 ταῖς
1025 3926 1079 4053 atilli
1098 3929 1144 3993 τῆς
1168 3927 1222 3997 Τυρ
1256 3930 1314 3981 νίας
1333 3927 1383 3993 νή-

200 4015 253 4050 σοις
271 3997 318 4063 τῆς
342 3997 400 4048 τῶν
423 3996 616 4069 Ἀργοναίτιον
637 3996 741 4065 πλάνης
759 4012 852 4066 σημεῖα
876 4014 946 4067 quae
972 3997 1028 4053 iam
1075 3997 1212 4053 nmanni
1242 4013 1291 4052 .c.
1310 4013 1381 4068 pag.

201 4069 260 4122 196.
280 4073 338 4123 not.
360 4071 384 4121 2.
410 4069 483 4123 hand
509 4069 685 4138 improbabili
714 4071 875 4126 coniectura
902 4085 917 4126 e
945 4069 1059 4125 Timaeo
1088 4069 1234 4138 desumpta
1261 4074 1381 4124 nostrae

203 4139 360 4194 sententiae
379 4139 434 4195 vim
446 4146 476 4194 ct
495 4141 692 4195 auctoritatem
712 4141 840 4197 afferunt.
852 4142 944 4196 Adeas
964 4156 1071 4208 quoque
1091 4140 1176 4195 schol.
1191 4139 1275 4208 Apoll
1287 4139 1382 4195 Rhod.

200 4210 247 4279 lV,
266 4211 327 4266 507.
348 4226 381 4264 ex
401 4211 498 4266 eodem
517 4210 595 4267 fonte
616 4212 796 4268 delibantem:
821 4215 847 4263 ot
860 4213 961 4277 Κόλχοι
979 4211 1189 4284 ἀφορμηθέντες
1207 4211 1254 4277 τῆς
1271 4209 1383 4282 Ἀργοῦς

200 4280 248 4332 οὐκ
267 4279 428 4348 ἐπανῆλθον
446 4283 613 4351 φοβούμενοι
632 4281 683 4334 τόν
700 4284 813 4350 Αἰήτην,
836 4282 894 4334 ἀλλ’
914 4285 940 4334 ολ
958 4284 1009 4349 μὲν
1027 4282 1120 4334 αὐτῶν
1138 4281 1252 4349 ᾤκησαν,
1272 4281 1344 4332 ὅπου
1366 4283 1382 4333 ό

195 4351 336 4423 Ἄψυρτος,
356 4350 546 4422 ἐδολοφονήθη
568 4353 638 4421 μετὰ
661 4355 719 4406 τῶν
744 4353 906 4421 κληθέντων
928 4353 974 4405 cirt'
994 4353 1079 4405 αὐτοῦ
1098 4353 1265 4425 Ἀφυρτέων,
1294 4354 1319 4403 οἱ
1350 4351 1382 4404 δὲ

200 4422 372 4550 1ἒμἸλλίιῙιῖία,
397 4424 466 4476 ὅπου
475 4426 517 4549 ὅοἱ
534 4422 670 4493 Ἐγχελεῖς,
693 4425 807 4498 περὶτὰ
827 4426 965 4498 Κεραύνια
985 4423 1039 4496 όρη
1077 4426 1231 4480 Praeterea
1249 4423 1284 4478 (ti.
1304 4423 1381 4480 Plin.

220 4511 271 4550 .n.
333 4498 421 4564 ,raa
441 4497 501 4551 14.
