2948 5048
622 340 839 399 ..42-

147 516 217 580 tam
246 516 281 580 et
309 512 452 580 motibus
481 516 592 579 terrae
620 532 641 578 a
673 512 856 580 continenti
884 513 1074 596 abruptam,
1100 528 1243 594 quacum
1275 510 1328 577 de·

147 619 326 703 scriptione
353 620 436 687 bene
465 619 623 701 quadrat,
647 620 733 702 quod
756 620 844 703 apud
867 623 1000 702 podiam
1023 638 1054 687 v.
1081 624 1143 682 690
1168 616 1325 702 legimus:

396 729 531 812 φλογμῷ
555 728 668 804 ζέουοα
691 729 809 804 δέξεται
832 727 1041 808 μονόστολον,

148 853 185 900 00
213 832 319 900 11111100
347 833 493 900 dubitari
520 837 647 917 potest,
677 833 769 916 quin,
798 834 884 916 quod
915 832 1001 899 idem
1024 836 1124 915 poeta
1147 830 1226 898 inde
1251 851 1272 898 a
1294 849 1322 898 v.

149 946 209 1003 691
239 939 379 1007 insulam
407 939 501 1005 illam
528 958 549 1004 a
580 938 783 1024 Gigantibus
816 939 951 1006 fulmine
981 938 1079 1007 Jovis
1110 937 1261 1004 contusis
1291 943 1325 1004 01

146 1046 181 1113 111
208 1045 321 1112 simias
349 1045 489 1114 mutatis
520 1065 637 1113 nomen
661 1046 829 1129 accepisse
853 1045 1002 1123 disserit,
1027 1044 1173 1111 eiusdem
1196 1043 1325 1111 Timaei

147 1152 250 1219 fuisse
274 1152 483 1219 coniciamus.
520 1153 608 1219 Nam
632 1171 704 1219 cum
725 1154 852 1220 cladem
868 1153 959 1219 illam
977 1153 1019 1218 ab
1034 1150 1182 1218 Hercule
1197 1150 1323 1236 Gigan-

146 1258 237 1325 tibus
260 1257 390 1325 illatam
414 1258 449 1325 in
472 1258 667 1343 Phlegraeis
691 1258 817 1341 campis
841 1259 929 1340 apud
952 1257 1074 1326 Cumas
1098 1256 1174 1323 sitis
1198 1256 1323 1324 factam

147 1383 220 1431 esse
248 1363 365 1448 fragm.
399 1370 437 1428 10
466 1364 524 1431 ille
552 1365 775 1446 contenderit,
804 1384 896 1449 num,
924 1363 1122 1447 praesertim
1150 1381 1225 1430 cum
1254 1367 1322 1448 ety-

146 1470 328 1555 mologicao
362 1471 527 1537 nominum
562 1472 776 1554 exphcationi
807 1472 923 1539 mirum
954 1474 1112 1554 quantum
1146 1468 1323 1538 indulsisse

147 1597 220 1644 eum
251 1580 383 1643 constet
414 1576 468 1661 (cf.
495 1597 594 1661 supra
624 1597 700 1664 pag.
729 1583 791 1662 17),
831 1579 1004 1646 occasione
1035 1577 1131 1660 quasi
1164 1576 1254 1643 ultro
1288 1594 1323 1642 se

148 1683 306 1751 offerente
338 1703 358 1750 a
391 1683 454 1748 tali
485 1685 657 1752 derivandi
687 1685 816 1752 ratione
848 1704 920 1752 eum
956 1684 1165 1752 abhorruisse
1200 1681 1322 1766 putas?

148 1790 214 1859 Sed
238 1790 340 1857 multo
364 1789 580 1858 confidentius
604 1791 639 1858 in
663 1791 886 1859 describendis
910 1792 958 1858 eis
982 1791 1172 1877 regionibus
1196 1787 1325 1855 Timaei

148 1896 250 1964 libros
282 1915 303 1962 a
334 1894 547 1965 Chalcidensi
578 1898 743 1982 depilatos
774 1918 847 1966 esse
880 1899 1035 1966 contendi
1064 1916 1161 1981 posse
1196 1916 1237 1962 ex
1268 1895 1323 1979 iis,

147 2002 203 2087 qui
218 2007 387 2085 secuntur,
402 2004 567 2088 versibus,
581 2005 767 2089 apparebit.
804 2006 923 2090 Pergit
935 2005 1020 2073 enim
1032 2005 1089 2071 ille
1101 2022 1155 2072 vu.
1171 2009 1236 2066 694
1249 2020 1323 2084 sqq:

360 2114 459 2175 Boreo
483 2109 648 2191 δ’ἀμείψας
670 2120 728 2177 τοῦ
751 2111 946 2194 κνβερνὴτον
969 2111 1072 2190 τάφον

359 2223 410 2280 καὶ
434 2220 601 2300 Κιμμέρων
624 2218 745 2281 ἔπαυλα
768 2217 976 2300 κάχερουσίαν

360 2323 506 2405 ῥόχθοιοι
529 2330 745 2401 κυμαίνουσαν
769 2325 918 2401 οἴδματος
939 2325 1039 2403 χύσιν,

355 2426 471 2492 'bonav
494 2435 599 2493 τεκαὶ
623 2433 752 2506 λεόντος
776 2428 938 2512 ἀτραποὺς
959 2433 1048 2507 βοῶν

361 2537 500 2614 χωοτάς,
525 2534 690 2618 Ὀβριμοῦς
713 2533 851 2614 τ’ἄλοος,
876 2535 1005 2612 edoctas
1028 2535 1141 2616 Κόρης,

362 2646 556 2724 Πνριφλεγές
578 2668 609 2708 τε
625 2644 754 2725 ῥεῖθρον
801 2689 1087 2708 ......

240 2755 319 2812 703:
359 2750 462 2815 λιπών
485 2774 518 2813 τε
541 2757 727 2832 Δηθαιῶνος
749 2749 874 2832 ὑψηλὸν
898 2753 1008 2825 κλέτας

363 2861 476 2935 λίμνην
499 2853 663 2937 τ”Άορνον
672 2856 699 2944 1)
723 2854 967 2938 ἀμφιτορνωτὴν
989 2855 1098 2940 βρόχῳ
1122 2871 1189 2936 eqs.

149 2965 292 3049 Quorum
315 2981 469 3031 versuum
491 2981 597 3046 paene
620 2963 869 3046 unumquodque
891 2964 1061 3030 verbume
1082 2959 1212 3026 Timaei
1227 2958 1324 3026 libris

147 3069 308 3153 originem
331 3069 490 3146 traxisse,
516 3070 545 3136 si
562 3069 674 3137 Strab.
691 3071 744 3148 V„
761 3089 838 3154 pag.
854 3075 927 3152 244,
947 3076 1021 3152 245,
1053 3068 1150 3135 Diod.
1164 3068 1226 3146 IV,
1246 3064 1322 3150 222)

146 3175 292 3242 Aristot.
309 3175 380 3242 mir.
398 3177 539 3244 auscult.
558 3195 585 3242 c.
603 3174 701 3262 102³)
733 3176 984 3260 respexerimus,
997 3176 1159 3243 neminem
1173 3171 1323 3258 effugiet.

147 3403 236 3443 novae
256 3392 455 3443 annectuntur:
474 3386 570 3443 Ulixes
589 3402 688 3442 navem
708 3387 823 3456 appellit
841 3387 877 3443 ad
889 3402 966 3442 oram
979 3387 1190 3441 Pithecusarum
1202 3383 1323 3451 insulae,

148 3459 306 3514 accuratior
325 3459 475 3528 descriptio
494 3458 639 3528 regionum
654 3459 747 3514 Gumis
765 3457 959 3526 finitimarum,
973 3457 1071 3526 quibus
1090 3458 1118 3512 in
1138 3454 1324 3526 depingendis

147 3529 222 3586 haud
237 3530 327 3586 levem
346 3534 470 3586 ostentat
486 3533 570 3598 poeta
587 3529 783 3598 eruditionem,
799 3529 833 3584 de
846 3528 987 3585 sirenibus
1001 3544 1060 3585 are
1072 3526 1216 3598 proposita
1229 3525 1325 3581 aliena

148 3600 418 3726 digresglimlvariae
441 3606 581 3669 postremo
608 3600 784 3656 narrationes
807 3601 840 3654 de
859 3598 950 3655 Ulixis
969 3599 1046 3656 exitu
1064 3599 1178 3667 eiusque
1197 3596 1326 3653 familiae

162 3671 216 3727 atis
257 3671 303 3726 'ru
315 3677 407 3741 gatae.

239 3759 258 3830 ²)
279 3761 334 3813 Our
348 3759 534 3815 Schssrius
552 3759 581 3814 in
601 3760 666 3816 adit.
685 3775 737 3815 sua
756 3758 919 3814 auctoritati
932 3758 1029 3827 optimi
1042 3757 1144 3814 codicis
1157 3757 1326 3813 adversatus

149 3831 185 3887 ad
208 3830 356 3886 lectionem
380 3829 563 3885 deterioribus
585 3831 662 3885 codd.
681 3831 781 3886 tultam
796 3829 905 3901 Ἄορνιν
923 3830 1088 3896 recurrerit,
1107 3844 1161 3883 non
1181 3843 1326 3898 assequor,

150 3901 278 3970 quoniam
301 3915 363 3954 oum
386 3901 566 3969 paraphrasis
591 3902 681 3957 altera
700 3908 729 3957 01
747 3901 899 3957 scholiasta
917 3900 970 3955 hoc
988 3901 1050 3955 loco
1064 3901 1173 3971 Ἄορνον
1193 3898 1328 3955 exhibent

148 3981 207 4027 tum
226 3971 354 4027 Eustath.
374 3971 410 4025 ad
428 3972 541 4041 Dionys.
555 3972 666 4042 Pariag.
685 3989 710 4026 v.
732 3973 801 4026 1143
819 3972 892 4027 hanc
910 3971 1058 4026 lectionem
1078 3988 1095 4025 0
1135 3969 1195 4026 ovit
1213 3970 1326 4026 dicens:

148 4046 238 4095 ἰστέον
261 4039 299 4101 δέ,
323 4041 365 4093 ὅτι
378 4041 480 4113 Ἄορνος
506 4043 621 4098 dedans
639 4038 717 4098 οὗτος
736 4040 840 4111 λέγεται
859 4039 901 4093 διαὶ
920 4043 970 4094 τοῦ
989 4055 1001 4092 ϊ
1017 4081 1023 4093 .
1042 4039 1076 4109 ἦν
1110 4038 1262 4093 ὲδυνατὸν
1281 4046 1328 4093 καὶ

148 4111 191 4165 διὰ
209 4115 259 4165 τοῦ
278 4114 293 4165 ὅ
312 4111 437 4180 λέγεσθαι
455 4112 549 4180 αὐτήν,
568 4117 620 4182 εἴγε
639 4114 654 4165 ὁ
672 4114 822 4185 Λυκόφρων
835 4112 952 4185 Ἄορνόν
969 4131 1032 4164 τινα
1054 4110 1123 4181 λέγει
1141 4109 1245 4180 λίμνην.

239 4185 261 4255 ’1
287 4183 437 4239 Diodorum
461 4184 550 4253 ipsum
573 4185 602 4241 in
625 4185 788 4240 enarrandis
811 4184 846 4240 iis
870 4184 952 4240 rebus
982 4184 1089 4239 Timaei
1118 4182 1205 4238 libros
1236 4183 1327 4238 intro-

149 4255 271 4377 spexissg
295 4255 476 4395 antecedente
496 4256 587 4325 eapite
605 4256 664 4325 ipsa
687 4262 809 4312 testatur
833 4254 882 4326 (oio
910 4259 954 4306 aab
986 4257 1092 4322 Τίμαιος
1120 4254 1136 4306 ὁ
1162 4254 1328 4326 συγγραφεὺς

149 4347 243 4391 quomo
271 4346 351 4392 ηοεν.

240 4399 262 4467 ³)
283 4398 360 4466 Quod
379 4405 463 4466 caput
482 4403 641 4466 comparato
655 4398 749 4468 hntig.
764 4399 872 4466 Caryst.
895 4415 916 4451 c.
933 4398 981 4451 152
995 4396 1109 4451 Timaeo
1129 4396 1329 4453 vindicandum

150 4483 211 4524 esso
230 4469 285 4526 iam
304 4469 405 4526 dudum
425 4473 541 4524 constat.
