2948 5048
684 339 906 399 ..pg-

210 510 340 578 ratione
365 529 429 577 non
453 511 609 578 abhorret
634 530 706 578 eam
730 531 858 595 quoque
882 512 1067 579 doctrinam
1082 510 1175 578 fonte
1192 513 1276 597 eius,
1295 533 1396 595 quem

211 636 339 701 semper
370 617 544 685 exhaurire
579 619 726 701 solebat,
767 618 980 685 Chalcidensi
1015 618 1266 701 suppeditatam
1305 639 1393 706 esse,

211 725 262 792 ita
285 725 320 791 in
344 725 407 808 eis,
433 744 517 805 quae
541 729 731 808 sequuntur,
756 724 879 791 fabulis
904 723 1128 792 describendis
1164 725 1394 811 Agamemno·

211 831 263 899 nis
279 835 315 898 et
330 831 508 914 Idomenei,
534 831 724 912 quibuscum
748 849 867 915 agmen
890 829 1093 897 Graecorum
1110 831 1231 899 misera
1252 833 1395 901 fortuna

210 942 406 1008 vexatorum
429 937 611 1020 clauditur,
640 939 738 1022 longe
761 937 863 1003 alium
894 942 1064 1004 auctorem
1096 938 1198 1006 oculis
1229 939 1302 1007 eius
1337 942 1394 1007 ob·

210 1049 380 1114 versatum
404 1063 477 1111 esse
501 1049 651 1127 apparet.
699 1045 868 1131 Quantum
892 1047 1004 1109 autem
1031 1044 1067 1110 in
1095 1046 1312 1127 sequentibus
1342 1047 1393 1113 fa·

211 1152 307 1231 bulis,
334 1151 450 1235 quibus
475 1151 690 1217 Troianorum
718 1151 834 1218 laudes
866 1151 1062 1234 efferuntur,
1101 1151 1137 1218 in
1174 1151 1393 1220 Cassandrae

211 1258 371 1340 imprimis
408 1259 494 1341 apud
531 1258 680 1326 Daunios
715 1259 930 1325 veneratione
962 1261 997 1324 et
1020 1257 1055 1323 in
1077 1258 1231 1326 missione
1255 1260 1394 1327 illarum

212 1364 427 1431 Locrensium
450 1364 614 1448 virginum
638 1364 832 1431 enarrandis
857 1383 875 1430 e
898 1363 1028 1430 Timaei
1050 1383 1163 1432 rursus
1180 1366 1393 1434 auctoritate

210 1474 326 1538 noster
350 1469 548 1553 dependeat,
581 1471 647 1536 iam
679 1490 778 1555 supra
801 1470 1017 1540 validissimis
1053 1472 1210 1554 exemplis
1245 1472 1281 1539 in
1317 1474 1392 1541 luce

126 1663 128 1666 Α
213 1577 390 1661 posuimus
426 1579 465 1642 ut
487 1577 548 1642 hoc
570 1577 642 1643 loco
666 1597 706 1645 ea
737 1582 927 1645 retractare
963 1598 1043 1661 opus
1077 1598 1142 1646 non
1176 1579 1232 1646 sit.
1291 1580 1393 1648 Unde

213 1687 334 1767 autem,
352 1683 489 1765 quaeda
505 1685 668 1752 Hecuba
684 1685 772 1752 etde
787 1687 965 1752 Hectore
980 1684 1142 1770 feruntur,
1163 1687 1391 1766 manaverint,

210 1793 246 1858 in
269 1810 427 1875 suspenso
450 1791 697 1873 relinquendum
721 1796 774 1859 est
798 1795 842 1876 et,
874 1811 1071 1875 quamquam
1100 1794 1290 1877 cenotaphii
1319 1796 1392 1862 He-

211 1899 315 1966 cubae
332 1899 375 1964 ab
395 1897 494 1965 Ulixe
511 1898 644 1964 somniis
669 1898 829 1965 exterrito
857 1899 1027 1966 aedificati
1048 1900 1393 1968 commemorationem

212 2004 266 2090 (cf.
291 2024 322 2073 v.
350 2011 432 2068 1181
458 2008 542 2086 sqq.)
567 2024 608 2072 ex
630 2005 766 2073 Timaeo
788 2006 924 2073 fluxisse
948 2025 1013 2073 non
1035 2008 1204 2091 habemus,
1230 2027 1289 2074 cur
1319 2008 1392 2075 infi-

209 2113 346 2194 tiemur,
372 2115 484 2178 tamen
516 2110 649 2178 silentio
673 2132 746 2179 eam
769 2132 837 2179 rem
862 2114 1133 2197 praetermittere
1156 2114 1391 2197 praetulimus,

211 2238 307 2300 qnam
332 2236 423 2285 mera
448 2238 466 2283 e
490 2217 679 2284 coniectura
703 2223 797 2286 certa
821 2220 959 2288 incertis
983 2221 1186 2288 substituere
1210 2226 1247 2289 et
1270 2223 1393 2290 statim

210 2326 254 2391 ad
277 2343 350 2391 eam
373 2323 522 2391 fabulam
546 2325 693 2410 longiore
718 2326 944 2408 disputatione
968 2328 1103 2412 dignam
1126 2328 1273 2395 transire
1292 2330 1392 2398 nobis

210 2430 447 2514 proposuimus,
465 2450 550 2512 quae
566 2431 606 2498 de
621 2432 778 2500 Aeneae
793 2434 833 2500 in
847 2433 1013 2502 Italiam
1030 2434 1202 2502 adventu
1217 2454 1271 2503 vv.
1304 2442 1391 2501 1226

212 2543 358 2601 —1280.
383 2556 404 2605 a
427 2543 528 2621 poeta
551 2543 731 2606 tractatur.

299 2644 377 2711 Etsi
406 2664 571 2728 perpauca
604 2646 732 2713 Timaei
762 2646 951 2732 fragmenta
982 2648 1026 2714 ad
1056 2654 1206 2715 nostram
1237 2653 1392 2718 aetatem

210 2756 447 2833 pervenerumt,
484 2752 601 2832 quibus
632 2754 855 2820 Romanarum
887 2772 996 2821 rerum
1022 2754 1061 2820 fit
1092 2755 1225 2831 mentio,
1273 2760 1391 2825 tamen

210 2857 347 2941 primum
373 2857 503 2938 quidem
526 2858 566 2926 de
589 2860 806 2943 temporibus,
837 2861 953 2942 quibus
981 2863 1088 2928 Roma
1115 2862 1189 2945 ipsa
1216 2863 1391 2930 sententia

210 2964 280 3030 eius
297 2963 431 3030 condita
448 2965 503 3048 sit,
522 2965 657 3049 Dionys.
673 2966 753 3033 Hal.
767 2969 795 3051 I,
812 2967 898 3052 74.1)
915 2968 1106 3034 accuratius
1119 2967 1302 3049 imbuimur,
1317 2975 1390 3037 tum

210 3089 251 3136 ex
274 3068 387 3136 eodem
403 3075 539 3139 auctore
560 3073 589 3155 I,
616 3079 666 3137 67.
685 3078 886 3158 compertum
901 3076 1069 3158 habemus,
1094 3075 1225 3157 qualem
1247 3075 1307 3142 ille
1324 3077 1390 3144 sibi

208 3176 345 3243 formam
370 3182 405 3245 et
433 3180 574 3264 figuram
596 3180 765 3262 penatium
794 3181 926 3248 deorum
955 3181 1063 3249 animo
1090 3181 1238 3248 finxerit:
1270 3183 1388 3262 σχημα-

208 3308 262 3360 τος
293 3288 327 3348 δὲ
357 3291 408 3349 καὶ
436 3288 559 3367 μορφῆς
590 3283 698 3351 αὐτῶν
727 3290 797 3369 πὲρι
826 3294 948 3365 Τίμαιος
973 3290 1032 3364 μὲν
1059 3285 1077 3350 ὁ
1105 3286 1302 3369 συγγραφεὺς
1326 3281 1389 3352 ὦδε

207 3391 434 3470 ἀποφαίνεται·
451 3393 581 3474 κηρύκια
597 3396 707 3474 σιδηρᾶ
730 3399 781 3457 καὶ
796 3397 898 3471 χαλκᾶ
913 3400 964 3457 καὶ
987 3397 1125 3475 κέραμον
1146 3392 1286 3475 Τρωικὸν
1310 3395 1390 3458 εἶναι

207 3497 246 3561 τὰ
271 3501 305 3562 ἐν
327 3515 395 3576 τοῖς
419 3496 545 3575 ἀδότοις
575 3513 640 3575 τοῖς
672 3501 705 3563 ἐν
728 3506 885 3586 Λαουϊνίῳ
914 3507 1036 3577 κείμενα
1066 3499 1142 3582 ἱερά.
1167 3501 1326 3565 πυθέσθαι
1355 3505 1390 3565 δὲ

208 3602 306 3679 αὐτὸς
329 3612 427 3669 ταῦτα
458 3604 543 3686 τιαρδι
574 3609 640 3671 τῶν
664 3606 857 3688 ἐτιιχοιρίοινε
892 3627 910 3674 e
934 3608 1051 3690 quibus
1076 3607 1246 3674 Timaeum
1270 3608 1390 3675 Troia·

209 3730 268 3779 nos
293 3715 433 3794 penates
457 3712 556 3780 Troia
580 3711 636 3797 (cf.
662 3715 799 3794 κέραμον
827 3713 982 3802 Τρωικόν)
1012 3715 1124 3784 nescio
1152 3735 1173 3783 a
1197 3733 1277 3799 quo,
1315 3715 1390 3784 sine

208 3995 282 4050 disse
302 4009 336 4050 ex
355 3995 483 4050 Eustath.
512 3996 547 4050 ad
566 3995 680 4064 Dionys.
718 3997 828 4068 Perieg.
849 3998 909 4053 218.
935 3999 1117 4067 comperimus
1140 3999 1209 4054 haec
1233 3996 1322 4054 verba
1345 3999 1389 4056 fa-

207 4066 311 4122 ciente:
330 4066 361 4118 ‘0
373 4063 402 4117 δὲ
420 4066 571 4138 Λυκόφρων
583 4071 627 4117 καὶ
640 4066 749 4134 δοτικήν
769 4087 831 4121 τινα
844 4072 953 4141 Κέρνην
965 4067 1122 4142 παραδηλοῖ,
1141 4070 1208 4141 ὑπὲρ
1227 4070 1390 4142 Τνρωηνὶαν,

205 4138 279 4190 ἔνθα
298 4138 449 4264 Καρνεᾶτιν
468 4140 569 4209 ἱστορεῖ
584 4140 665 4203 νησον
684 4137 815 4192 δοκοῦσαν
833 4141 888 4192 ἀπὸ
907 4143 1010 4213 Κέρνης
1028 4140 1276 4213 παρσνομαίζεσθαι.

298 4211 320 4279 ¹)
364 4209 409 4264 im.
429 4211 529 4279 fragm.
551 4211 598 4263 21:
619 4214 679 4282 περὶ
697 4214 748 4278 μὲν
761 4210 810 4264 οὖν
822 4214 879 4264 τῶν
897 4212 1021 4264 παλαιῶν
1040 4218 1150 4265 κτίσεων
1172 4211 1252 4264 ἱκανὰ
1271 4212 1391 4280 ἡγοῦμαι

205 4280 240 4332 τὰ
259 4284 437 4352 προειρημένα
448 4303 454 4314 ·
465 4281 515 4332 τὸν
534 4278 563 4332 δὲ
581 4282 738 4333 τελευταῖον
755 4284 902 4352 γενόμενον
920 4285 966 4350 τῆς
983 4284 1089 4351 Ῥώμης
1107 4284 1236 4351 οἰκισμόν,
1256 4283 1272 4350 δη
1290 4290 1390 4347 κτίσιν,

204 4353 221 4418 ἢ
240 4351 283 4403 ότι
301 4349 401 4419 δήποτε
418 4352 467 4425 χρὴ
486 4351 585 4411 καλεῖν,
609 4355 716 4420 Τίμαιος
733 4355 811 4422 μὲνό
830 4353 994 4421 Σικελιώτης,
1013 4355 1062 4407 οὐκ
1081 4353 1190 4419 οἶδ’ότῳ
1208 4354 1305 4407 κανόνι
1325 4377 1389 4428 χρη-

206 4424 318 4490 σάμενος
336 4424 393 4492 ἅμα
414 4421 567 4495 Καρχηδόνι
586 4426 728 4491 κτιζομένῃ
747 4427 875 4495 γενέσθαι
892 4430 969 4497 φησὶν
984 4424 1071 4494 ὀγδόῳ
1091 4431 1134 4479 καὶ
1152 4428 1303 4498 τριακοστῷ
1320 4430 1389 4499 πρό-

208 4513 289 4566 τερον
307 4495 361 4547 ἕτιι
379 4497 427 4563 τῆς
444 4496 550 4568 πραότης
568 4493 737 4564 ὀλυμπιάδος.
