2948 5048
671 344 886 402 -5q-

217 517 418 599 amplexos
441 514 647 581 Minervae
670 514 921 582 simulacrum
945 515 1270 598 sacerdotemque
1299 516 1399 583 deae

217 626 392 693 velatum
416 620 657 688 ornamentis
680 621 785 687 inter
808 622 895 704 ipsa
911 622 1062 688 altaria
1078 623 1397 691 trucidaverunt.

218 733 267 800 Ut
300 734 426 801 autem,
459 729 590 810 qualem
620 727 774 794 Timaeus
806 729 846 794 de
880 728 969 796 illius
1004 730 1095 796 urbis
1130 730 1226 797 varia
1261 730 1398 797 fortuna

221 837 423 907 sententiam
452 835 559 902 animo
591 833 655 899 sibi
676 834 824 916 finxerit,
849 836 1021 918 perspicue
1043 841 1214 920 noscatur,
1239 837 1396 906 brevibus

219 941 451 1027 comprehendi
473 941 569 1023 licet,
586 959 672 1023 quae
695 941 824 1007 nomine
848 941 918 1009 eius
942 942 982 1009 de
1004 942 1070 1010 Siri
1093 943 1210 1025 oppido
1232 942 1394 1010 feruntur.

219 1053 314 1140 Quae
337 1050 416 1116 urbs
440 1067 461 1113 a
485 1046 637 1115 Troianis
662 1049 856 1130 quibusdam
882 1049 1016 1116 condita
1039 1067 1111 1115 cum
1139 1068 1159 1114 a
1184 1049 1395 1133 Colophoniis

218 1264 382 1345 dedisset,
400 1281 421 1328 1
436 1263 680 1349 Metapontinis
697 1263 820 1331 auxilio
834 1262 1098 1330 Crotoniensium
1115 1267 1150 1328 et
1162 1261 1396 1346 Sybaritarum

220 1374 389 1454 assumpto
421 1370 509 1436 nullo
542 1369 677 1454 negotio
709 1374 811 1452 capta
843 1374 878 1437 et
907 1372 1008 1436 tanta
1042 1369 1244 1437 crudelitate
1279 1388 1395 1438 eversa

218 1482 286 1561 est,
313 1481 353 1543 ut
380 1495 421 1542 ne
449 1475 491 1543 iis
515 1475 659 1560 quidem,
690 1477 746 1559 qui
777 1476 820 1542 ad
843 1495 936 1543 aram
959 1477 1132 1545 Minervae
1156 1476 1392 1561 confugissent,

218 1582 452 1670 parceretur1).
504 1583 530 1650 J
531 1602 584 1649 am
614 1583 928 1666 circumspiciamus,
959 1603 1037 1651 num
1067 1603 1132 1665 qua
1161 1584 1219 1650 lux
1250 1603 1292 1649 ex
1322 1584 1394 1650 reli·

221 1710 357 1776 quorum
391 1696 561 1756 auctorum
595 1689 729 1773 scriptis
765 1691 808 1757 ad
842 1694 991 1758 nostrum
1025 1693 1131 1758 locum
1164 1691 1327 1757 redundet
1363 1695 1396 1756 et

219 1801 425 1882 quantopere
464 1796 515 1863 illi
554 1816 573 1863 e
608 1797 737 1864 Timaei
776 1797 981 1866 auctoritate
1024 1797 1208 1880 dependere
1242 1797 1397 1864 censendi

220 1905 299 1972 sint.
346 1904 461 1985 Atque
488 1902 627 1986 primurn
655 1904 786 1987 quidem
816 1906 959 1972 occurrit
983 1904 1128 1972 Aristot.
1157 1904 1229 1970 mir.
1254 1905 1396 1972 auscult.

222 2032 250 2079 c.
279 2018 351 2092 106,
376 2029 472 2093 quem
495 2013 659 2094 permulta
683 2030 725 2078 ex
748 2012 861 2079 eodem
885 2011 1047 2095 scriptore
1071 2011 1286 2094 exscripsisse
1313 2009 1398 2077 satis

136 2159 142 2167 -
220 2118 334 2186 multis
364 2118 521 2202 exemplis
551 2123 718 2186 ostentum
747 2123 815 2202 est,
844 2120 955 2186 altera
982 2137 1074 2201 pars,
1104 2136 1202 2200 quam
1232 2117 1399 2185 nonnullis

219 2224 427 2293 librariorum
457 2226 551 2294 vitiis
580 2225 749 2292 foedatam
779 2226 845 2293 ianr
874 2224 993 2292 dudum
1021 2224 1145 2293 aviris
1170 2223 1399 2292 (1111111111-

219 2337 290 2399 tam
329 2332 496 2399 ascribere
529 2332 628 2400 licet:
685 2334 804 2410 λέγεται
838 2336 871 2396 dh
905 2329 982 2408 μετὰ
1015 2330 1052 2393 τό
1085 2336 1280 2411 παραλαβεῖν
1327 2331 1402 2406 τοὺς

224 2444 434 2519 Ταραντίνους
468 2435 538 2526 [τὴν
572 2438 666 2501 πόλιν
699 2442 929 2518 μετασταθηναι
960 2437 1035 2512 τοὺς
1067 2438 1269 2512 ἐνοικοῦντας
1302 2436 1400 2526 καὶ]9)

219 2543 401 2626 Ἡράκλειαν
428 2543 486 2608 τόν
513 2545 613 2608 τόκον
640 2552 811 2622 καλεῖσθαι,
843 2543 881 2609 όν
905 2548 964 2609 νῦν
987 2546 1194 2620 κατοικοῦσιν,
1219 2546 1253 2608 ἐν
1276 2549 1310 2608 dh
1333 2559 1402 2622 τοῖς

219 2649 288 2717 όίνω
317 2652 447 2733 χρόνοις
474 2659 541 2715 τῶν
569 2650 686 2715 Ἰώνων
713 2654 915 2730 κατεχόντων
937 2650 1114 2734 Πολίειονῧ)
1129 2674 1135 2689 ·
1149 2651 1191 2714 ίτι
1215 2655 1248 2715 dh
1271 2653 1402 2715 ἐκείνων

220 2758 399 2839 ἔμπροσθεν
413 2755 477 2821 ὑπὸ
490 2760 557 2822 των
574 2758 694 2839 Τρώων
705 2761 770 2823 των
783 2757 1009 2837 κατασχόντων
1021 2755 1119 2838 αὐτὴν
1131 2765 1224 2839 Σῖριν
1235 2756 1260 2841 ⁸)
1273 2754 1401 2834 ὠνομά-

224 2886 435 2893 -—-1--...-—-

312 2934 333 3005 1)
353 2932 515 2989 Vetustiore
540 2933 574 2989 ab
599 2934 737 2989 Antiocho
762 2936 936 3001 Syracusano
964 2934 1081 2989 defensa
1105 2933 1246 2989 sententia
1266 2933 1314 3002 (cf.
1339 2932 1402 2989 eius

220 3005 321 3074 fragm.
341 3005 370 3074 6)
397 3003 532 3073 pristinos
559 3005 641 3060 huius
669 3005 747 3061 urbis
774 3006 881 3061 incolas
905 3005 1031 3073 cronos,
1060 3005 1220 3060 Oenotriam
1248 3005 1402 3074 notionem,

221 3075 309 3130 fuisse
328 3074 397 3131 hene
420 3075 622 3132 demonstravit
641 3077 828 3140 Scheerius
847 3077 866 3131 1.
886 3093 909 3132 1.
927 3093 992 3146 pag.
1012 3080 1038 3130 4.
1076 3075 1117 3130 Ah
1142 3077 1237 3131 eodem
1255 3077 1316 3132 viro
1335 3076 1403 3131 doc·

220 3145 342 3214 tissimo‚
371 3147 506 3215 quomodo
534 3147 640 3203 iactum
670 3148 720 3216 sit,
739 3154 772 3203 ut
795 3148 829 3204 ab
854 3148 917 3203 aliis
941 3147 1134 3216 scriptoribus,
1160 3163 1275 3215 quorum
1299 3162 1404 3218 agmen

221 3217 389 3274 Aristoteles
418 3223 447 3273 et
472 3218 601 3275 Timaeus
631 3219 731 3274 ducere
756 3219 900 3288 videntur,
929 3218 1111 3274 Troianorum
1134 3234 1233 3274 nomen
1256 3218 1284 3274 in
1308 3220 1403 3274 locum

221 3288 344 3344 Ohonum
376 3289 557 3346 substitutum
586 3290 636 3358 sit,
665 3306 772 3346 summa
796 3307 857 3347 cum
881 3289 1122 3346 verisimilitudine
1151 3289 1319 3359 explicatum
1346 3296 1401 3345 est.

221 3360 308 3427 Quam
322 3366 415 3416 autem
427 3360 532 3417 famam
546 3362 649 3418 Herod.
664 3362 742 3431 VIII,
761 3363 931 3417 6111111111
951 3361 985 3416 ah
1007 3361 1209 3428 antiquissimis
1228 3360 1402 3430 temporibus

221 3432 262 3556 ρὲκ
279 3429 397 3484 παλαιοῦ
416 3433 467 3502 ἔτι)
494 3432 575 3488 Sirim
600 3432 730 3502 oppidum
755 3433 784 3489 in
803 3433 1014 3488 Atheniensium
1036 3437 1178 3501 potestate
1197 3447 1258 3488 esse
1279 3437 1399 3488 conten-

241 3503 303 3571 erit,
322 3502 453 3559 nescitur.

315 3573 338 3645 ²)
355 3574 433 3629 Haec
451 3574 497 3630 vel
516 3573 618 3629 similia
636 3574 736 3643 verba,
761 3591 831 3644 quae
845 3575 1023 3631 Schesrius
1042 3575 1060 3629 l.
1079 3591 1101 3629 c.
1121 3574 1257 3631 excidisse
1275 3575 1404 3632 rectissi-

225 3660 271 3701 me
294 3645 443 3712 divinavit,
471 3644 500 3699 in
523 3649 630 3700 textum
656 3646 781 3715 recipere
804 3663 860 3702 non
883 3645 1021 3714 dubitavi,
1050 3645 1147 3714 quibus
1171 3646 1279 3702 omissis
1302 3662 1404 3705 sensus

221 3715 303 3771 huius
321 3715 377 3770 loci
396 3716 479 3785 plane
499 3714 670 3772 ohscuratur.

316 3787 339 3856 ⁸)
357 3786 442 3842 Retio
467 3787 604 3857 postulat,
632 3793 664 3843 ut
691 3790 742 3844 has
766 3789 834 3844 duas
862 3804 946 3844 voces
974 3787 1158 3856 iampridem
1183 3788 1343 3844 salmasii
1371 3795 1405 3847 11

220 3858 407 3914 Holstenii
429 3859 595 3914 coniecturis
615 3859 820 3915 commendatas
840 3865 869 3915 et
886 3875 974 3928 nuper
993 3876 1010 3914 1
1029 3858 1192 3915 Scheerio
1211 3861 1229 3915 1.
1249 3877 1272 3915 c.
1291 3876 1354 3930 pag.
1375 3863 1403 3917 6.

221 3945 319 3985 rursus
342 3929 371 3984 in
398 3930 460 3985 luce
482 3931 590 3999 positas
609 3931 721 3986 tandem
745 3931 835 3987 textui
859 3931 1027 3998 inseremus,
1054 3931 1126 3998 quod
1149 3947 1184 3986 na
1208 3931 1242 3986 ab
1262 3931 1403 4000 Apeltio

223 4000 333 4069 quidem
363 4000 471 4057 factum
499 4018 560 4058 esse
588 4018 644 4059 non
675 4017 816 4071 assequor.
864 4003 905 4057 Cf.
934 4003 1024 4069 Etym.
1053 4002 1147 4072 Magn.
1174 4019 1239 4072 pag.
1267 4003 1329 4070 680,
1353 4005 1403 4061 11:

222 4069 358 4131 Πολίειον,
376 4070 453 4129 πόλις
471 4074 547 4138 ἐστὶνΙ
560 4072 679 4133 Ἰταλίας,
698 4075 832 4146 πρότερον
851 4077 926 4145 Σῖρις
950 4074 1001 4144 (sic
1023 4072 1124 4140 ubique
1150 4072 1324 4129 scribendum
1348 4080 1403 4143 ost,

224 4144 260 4199 cf.
280 4143 439 4200 Scheerillm
457 4145 476 4199 l.
496 4162 518 4213 c,
537 4161 600 4216 pag.
617 4149 643 4200 4.
663 4151 721 4201 not.
733 4147 762 4216 4)
781 4145 950 4213 καλουμένη·
969 4143 1025 4196 ἀπὸ
1044 4141 1158 4199 Πόλιόος
1177 4145 1304 4216 ἐμπόρου,
1324 4144 1340 4210 ἢ
1358 4144 1404 4196 ότι

219 4214 337 4282 Ἀθηνᾶς
361 4213 494 4272 Πολιάδος
518 4215 592 4288 ἱερόν
615 4218 645 4268 ἐν
668 4216 736 4284 αὕτη
759 4217 838 4269 ἐστιν.
871 4216 964 4286 Steph.
988 4217 1056 4285 Byz.
1076 4232 1097 4270 s.
1116 4231 1142 4271 V.
1167 4213 1302 4275 Πολίειον,
1324 4213 1404 4272 πόλις

220 4284 345 4346 Ἰταλίας,
371 4288 540 4359 ἦπρότερον
563 4291 639 4359 Σῖρις
663 4286 820 4355 καλουμένη.
857 4288 948 4354 Etym.
967 4288 1061 4357 Magn.
1080 4303 1144 4357 pag.
1165 4290 1225 4355 714,
1246 4290 1291 4342 ll:
1316 4290 1403 4359 Σῖρις,

109 4352 120 4372 '
220 4355 296 4413 πόλις
314 4357 439 4418 Ἰταλίας,
459 4358 475 4426 ἣ
492 4359 628 4431 πρότερον
646 4358 768 4411 ἐκαλεῖτο
780 4362 867 4431 Σῖρις,
886 4357 946 4410 εἶτα
960 4358 1086 4410 Πολίειον
1104 4397 1111 4409 .
1130 4361 1213 4429 Σῖρις,
1233 4355 1261 4409 δὲ
1278 4357 1403 4425 ὠνόμασ-

221 4446 267 4479 ται
289 4427 345 4480 ἀπό
368 4427 489 4501 Σίριδος,
513 4430 651 4503 θυγατρός
675 4433 817 4503 Μόργητος
835 4430 884 4482 τοῦ
908 4428 1026 4486 Σικελίας
1049 4428 1196 4497 βασιλέως,
1222 4430 1347 4500 γυναικός
1370 4448 1404 4482 τε

222 4497 350 4553 Σκίκδον.
382 4501 490 4559 Deinde
510 4502 594 4558 adeas
608 4518 714 4573 quoque
728 4501 818 4558 Strah.
831 4502 879 4570 Vl,
898 4519 962 4572 pag.
976 4503 1045 4570 264,
1065 4517 1145 4571 quem
1158 4517 1242 4571 supra
1255 4517 1404 4572 apponam.
