2948 5048
625 353 846 413 ..58-

150 526 236 610 quod
258 530 328 592 tum
352 524 477 591 factum
502 544 576 592 esse
599 528 769 606 autumat,
796 541 867 590 cum
892 523 1028 590 Troiani
1051 525 1095 590 ab
1117 524 1262 591 Jonibus
1284 525 1332 591 ad

151 631 410 700 internecionem
432 632 563 699 redacti
586 636 709 699 essent.
762 630 828 698 Sed
858 635 1090 713 praeterquam
1121 632 1206 713 quod
1239 633 1331 715 apud

151 738 288 806 eundem
322 742 393 806 tres
428 739 518 805 illius
552 739 643 805 urbis
679 738 920 820 appellationes
949 737 1062 805 eodem
1085 738 1198 805 ordine
1223 743 1330 821 atque

151 845 239 928 apud
255 845 423 912 Timaeum
439 850 627 928 recurrunt,
652 845 808 912 nonnulla
824 848 912 927 sunt,
930 864 1024 926 quae,
1049 849 1086 910 ut
1109 848 1218 911 totam
1240 847 1331 912 hanc

152 952 410 1020 Strabonianam
433 951 581 1018 fabulam
604 972 622 1019 e
646 952 781 1018 Timaeo
805 951 1001 1035 derivemus,
1027 951 1200 1018 suadeant.
1243 951 1332 1019 Oum

150 1060 326 1126 animiam
349 1059 470 1126 leviter
493 1059 783 1140 perstrinxerimus
807 1060 850 1125 ab
874 1059 1061 1125 Aristotele
1089 1058 1175 1124 hanc
1202 1077 1332 1125 novam

151 1167 191 1232 (16
214 1165 400 1248 primordiis
425 1165 495 1231 eius
512 1165 623 1248 oppidi
638 1165 786 1232 fabulam
800 1165 915 1230 fictam
936 1169 971 1232 et
991 1185 1012 1231 a
1028 1164 1163 1230 Timaeo
1187 1183 1330 1231 accura-

150 1273 218 1338 tius
242 1271 445 1354 explicatam
468 1291 542 1339 csse
565 1292 625 1339 nos
648 1273 785 1349 habere,
811 1291 868 1339 our
891 1291 1066 1354 sumamus,
1091 1290 1198 1337 nonne
1217 1290 1331 1353 paene

150 1379 373 1445 necessarium
412 1382 448 1445 61
487 1378 715 1447 consuetudini
753 1379 848 1446 huius
887 1379 1059 1462 scriptoris
1093 1379 1148 1446 vel
1181 1377 1330 1445 maxime

150 1484 431 1552 accommodatum
454 1490 507 1552 est
529 1486 706 1568 pristinam
729 1485 820 1551 illam
845 1485 1047 1552 sententiam
1071 1486 1113 1551 ab
1130 1503 1168 1552 eo
1185 1503 1329 1551 comme·

150 1595 312 1658 moratam
336 1596 372 1658 et
395 1611 492 1673 quam
515 1593 662 1675 plurimis
685 1591 796 1660 verbis
819 1598 1011 1659 enarratam
1035 1612 1122 1675 esse,
1147 1595 1198 1675 ut,
1225 1611 1330 1673 quam

149 1717 265 1781 parum
303 1698 405 1765 firmis
441 1699 550 1767 causis
584 1699 699 1766 fabula
734 1699 884 1765 miraculi
919 1699 963 1765 ad
997 1698 1230 1781 antiquissima
1265 1697 1331 1765 illa

150 1811 300 1888 tempora
327 1805 523 1882 referretur,
553 1805 766 1873 ostenderet?
810 1807 858 1871 111
886 1824 1043 1872 nerana
1070 1804 1205 1872 finxisse
1235 1804 1329 1872 ride·

152 1932 254 1995 amur,
273 1912 499 1996 Lycophronis
516 1933 642 1992 versus,
661 1933 741 1995 quos
758 1913 955 1979 tractandos
971 1912 1106 1977 tandem
1123 1910 1327 1994 suscipimus

149 2020 343 2086 documento
366 2023 453 2087 sunt.
494 2021 639 2086 Primum
664 2020 751 2087 enim
775 2020 912 2086 eandem
934 2036 1049 2087 vocem
1072 2024 1197 2093 Χωνίας
1221 2017 1330 2084 etiam

149 2126 219 2192 eius
250 2125 400 2193 versibus
430 2126 536 2212 (983.)
567 2146 641 2194 sese
664 2127 837 2210 irrepsisse
869 2146 941 2192 oum
974 2125 1105 2208 videas,
1140 2144 1248 2191 nonne
1286 2125 1330 2191 de

150 2233 340 2299 coniectura
364 2233 449 2299 satis
472 2233 565 2299 firma
588 2233 677 2301 inter
694 2233 821 2299 Timaei
842 2252 968 2314 quoque
984 2232 1210 2299 narrationem
1225 2230 1329 2299 huius

148 2341 302 2409 vocabuli
330 2341 437 2406 locum
471 2338 574 2406 fuisse
609 2340 776 2406 enuntiari
809 2339 911 2406 licet?
963 2337 1021 2404 An
1053 2342 1153 2420 putas
1188 2342 1329 2421 podiam

149 2451 297 2513 nostrum
321 2450 438 2528 sponte
462 2465 536 2527 sua,
560 2449 598 2512 ut
622 2446 764 2529 speciem
789 2445 960 2512 doctrinae
984 2464 1064 2512 suae
1087 2448 1239 2529 augeret,
1261 2445 1329 2511 hoc

148 2554 219 2620 loco
249 2573 290 2620 ex
317 2552 456 2620 diversis
480 2551 627 2620 fontibus
650 2553 825 2620 materiam
849 2571 943 2619 suam
967 2553 1140 2636 collegisse
1162 2552 1258 2619 velut
1284 2573 1329 2619 ex

147 2659 316 2726 Antiocho
347 2660 571 2743 Syracusana
604 2659 695 2727 cuius
726 2659 873 2744 vestigia
904 2678 1020 2726 vereor
1051 2663 1089 2726 ut
1119 2659 1188 2725 ulla
1219 2659 1254 2725 in
1290 2679 1328 2725 re

148 2768 221 2831 toto
245 2766 389 2832 carmine
413 2765 661 2848 deprehendas?
706 2766 837 2833 Deinde
861 2770 973 2832 autem
996 2765 1043 2832 eis
1066 2765 1163 2850 ipsis,
1187 2767 1244 2848 qui
1275 2785 1328 2833 se-

148 2874 306 2953 quuntur,
331 2871 557 2956 Lycophronis
583 2873 734 2940 versibus
760 2870 796 2937 in
822 2874 909 2938 hanc
937 2872 1138 2939 sententiam
1161 2872 1328 2940 inclinare

148 2977 302 3062 cogimur.
343 2978 438 3064 Quod
460 2985 498 3046 ut
522 2979 670 3046 omnibus
692 2980 922 3062 persuadeam,
947 2981 1037 3062 prius
1061 2979 1234 3046 dicendum
1259 2984 1325 3064 est,

148 3085 279 3167 qualem
301 3085 503 3152 sententiam
528 3086 568 3152 (16
591 3086 633 3153 iis
657 3086 692 3152 in
715 3087 854 3154 medium
878 3086 1041 3169 prolaturi
1061 3087 1170 3154 simus.
1206 3084 1327 3168 Atque

147 3211 216 3258 rem
253 3193 442 3260 accuratius
475 3193 679 3259 retractanti
713 3197 749 3259 et
783 3212 1016 3276 saepenumero
1051 3198 1161 3260 mente
1195 3212 1327 3260 mecum

146 3299 318 3382 reputanti
345 3300 380 3366 id
409 3299 453 3365 ad
475 3299 795 3368 verisimilitudinem
819 3301 976 3368 accedere
1000 3300 1079 3366 mihi
1101 3300 1156 3367 vel
1178 3300 1327 3366 maxime

146 3405 252 3474 visum
283 3411 352 3487 est,
385 3406 484 3488 quod,
517 3407 670 3488 quoniam
701 3408 743 3473 ab
774 3407 883 3473 indole
914 3409 1008 3474 huius
1040 3407 1195 3474 carminis
1223 3407 1327 3492 longe

147 3512 291 3579 alienum
319 3517 394 3580 erat
422 3517 458 3579 61
481 3512 693 3581 Cassandrae
721 3513 883 3582 vaticinia
912 3514 953 3580 (16
980 3515 1102 3582 misera
1133 3511 1328 3580 conditione

147 3617 348 3686 Graecorum
377 3619 477 3685 Troia
504 3620 709 3687 redeuntium
740 3621 853 3688 edenti
880 3621 1011 3689 minime
1040 3620 1261 3688 conveniebat
1291 3619 1328 3688 in

147 3723 242 3791 clade
269 3723 329 3790 illa
356 3726 543 3793 miseranda
567 3727 781 3794 Troianorum
810 3748 830 3794 a
860 3728 1001 3796 Graecis
1029 3732 1169 3810 accepta
1199 3727 1327 3794 descri-

146 3831 269 3906 benda,
295 3835 333 3899 ut
363 3834 540 3900 communis
568 3833 700 3901 ferebat
727 3835 831 3918 fama,
858 3836 988 3920 longius
1017 3833 1223 3916 commorari,
1253 3853 1327 3900 rem

146 3937 197 4003 ita
225 3937 414 4005 instituisse
437 3944 552 4006 noster
576 3944 757 4010 censendus
781 3948 848 4027 est,
873 3948 911 4009 ut
935 3942 1053 4009 omisso
1076 3940 1132 4007 illo
1156 3939 1327 4008 Troianae

147 4045 294 4112 coloniae
318 4046 444 4113 excidio
469 4048 511 4112 ab
534 4047 616 4130 ipsis
640 4049 792 4117 Troianis
816 4051 930 4116 urbem
953 4048 1118 4132 quandam
1142 4046 1325 4115 aGraecis

145 4151 306 4223 incultam
329 4152 477 4221 funditus
501 4155 608 4221 everti
632 4156 817 4239 depinxerit
841 4160 877 4222 61
899 4156 1031 4223 inverso
1055 4154 1168 4221 ordine
1193 4159 1229 4221 et
1254 4173 1323 4221 mu-

146 4261 230 4327 tatis
247 4259 396 4327 omnibus
412 4264 595 4342 temporum
610 4262 794 4329 rationibus
812 4264 898 4328 hanc
914 4265 1157 4329 monstruosam
1173 4259 1325 4328 fabulam

146 4367 182 4432 in
214 4367 321 4433 lucem
356 4366 506 4433 ediderit.
565 4368 754 4450 Tantopere
789 4369 875 4435 enim
909 4374 1009 4451 poeta
1044 4372 1158 4434 noster
1192 4367 1325 4434 Timaei
1385 4444 1403 4465 .

149 4471 244 4540 libris
275 4492 348 4541 sese
378 4473 510 4544 videtur
540 4473 722 4560 addixisse,
751 4481 789 4542 ut
819 4474 967 4544 fabulam
998 4476 1040 4543 ab
1072 4492 1113 4540 ea
1143 4493 1193 4552 re,
1222 4492 1324 4557 quam
1356 4460 1383 4478 “”
