892 1400
362 156 473 171 -17—

124 201 160 218 sine
172 200 221 218 dubio
233 200 255 217 ab
267 204 286 216 eo
298 200 316 216 iu
327 199 391 216 deliciis
403 199 471 216 habitae
483 199 535 217 variis
547 199 599 217 modis
606 200 711 221 repetuntur=

124 232 179 245 rerum
194 227 283 248 gestarum,
300 227 392 247 temporum
407 226 552 247 computationum,
567 226 638 243 aliarum
652 231 711 248 rerum,

124 259 167 275 qnae
179 253 236 274 utique
245 253 267 270 ad
275 253 361 270 historiam
369 253 496 274 componendam
506 253 574 270 maximi
582 254 621 270 sunt
628 253 711 274 momenti,

124 280 191 297 omnino
202 285 236 297 non
251 280 270 296 fit
285 280 352 297 mentio.
378 280 425 301 Quae
441 284 468 296 res
484 284 503 296 eu
518 280 571 301 magis
586 280 712 297 admirationem

124 307 182 328 habet,
193 307 238 328 quia,
250 312 271 324 ne
279 307 316 327 quis
327 306 406 323 notitiam
417 306 487 327 illorum¹
500 311 542 327 quas
550 306 644 323 describere
656 312 712 324 susce-

124 334 175 355 perit,
185 333 271 354 regionum
282 334 318 350 tam
329 333 347 350 in
358 334 427 350 obscuro
434 333 504 350 latuisse
512 333 578 353 dixerit,
590 334 609 350 ut
617 333 659 350 certi
667 334 712 354 quir„

125 365 174 381 quam
185 360 206 377 de
217 360 238 377 iis
250 360 299 377 rebus
311 360 328 376 in
336 360 406 376 medium
413 360 484 381 proferri
492 360 557 376 omnino
564 365 597 376 non
604 361 666 381 posset,
678 360 712 377 iam

124 387 176 404 multo
191 387 232 403 ante
246 391 283 403 eum
297 386 363 407 Hippys
375 386 465 408 Rheginus,
480 386 565 407 popularis
576 386 617 407 eius,
629 388 652 406 et,
664 391 712 407 quem

125 418 175 434 supra
185 413 295 434 laudavimus,
307 413 401 430 Antiochus
413 413 533 434 Syracusanus,
545 414 564 430 ut
576 418 609 430 non
617 418 712 430 commemo-

125 445 160 457 rem
172 440 293 461 Theopompum
305 441 322 456 et
338 440 431 461 Ephorum,
443 440 463 456 de
479 440 541 456 eisdem
552 441 603 460 atque
617 440 647 457 ille
661 440 712 457 terris

124 467 227 488 seripserunt
239 467 295 487 atque,
307 467 327 484 ut
339 471 360 483 ex
368 466 467 488 §tegmentis
479 471 534 483 eorum
542 467 620 488 colligere
632 467 677 488 1icet7
690 467 712 484 sd

124 494 184 511 summi
195 493 298 514 perfectique
309 493 391 510 historiae
402 493 493 514 scriptoris,
506 495 525 510 ut
537 493 582 510 inter
593 494 664 515 veteres¹
677 493 711 510 offi-

124 520 168 537 cium
181 525 235 541 paene
247 520 368 541 aspiraverunt⁴
395 520 453 541 Neque
465 520 481 536 ei
492 520 598 537 conieoturae
609 520 662 537 locum
674 525 711 537 esse

124 551 189 568 censeo,
204 551 237 567 qua
253 551 263 563 a
279 546 354 567 Timaeo,
374 551 421 567 quem
437 547 455 563 in
470 547 578 568 depingendis
594 547 656 564 eisdem
671 547 711 564 loeis

124 578 204 591 summum
224 573 297 590 studium
315 573 435 594 consumpsisse
452 578 490 590 mox
507 573 606 595 videbimus,
622 574 711 594 tantopere

124 600 168 621 Lyci
181 600 295 617 narrationem
309 600 327 616 in
341 604 388 616 suum
401 604 448 616 usum
463 605 560 617 conversam
575 604 612 616 esse
628 600 711 619 sumimus,

124 628 144 644 ut
161 627 210 643 huius
224 627 303 643 memoria
319 626 421 643 auctoritate
435 626 480 643 illius
494 626 594 643 oblitterata
609 626 637 643 sit.
665 626 712 647 Quod

125 653 211 674 quominus
222 654 299 674 putemus
313 658 350 670 cum
361 653 399 670 aliis
411 653 467 670 causis
474 653 571 674 impedimur
578 654 614 670 tum
622 653 665 673 quod
672 654 712 670 tunc

124 680 208 697 immerita
222 680 281 697 summi
295 681 313 696 et
327 679 451 701 diligentissimi
464 680 545 696 historiae
559 679 645 700 scriptor-is
657 679 711 700 laude,

125 711 158 727 qua
169 706 205 724 sine
217 706 266 723 dubio
277 706 311 723 iam
323 706 367 727 apud
379 706 456 727 antiquos
464 706 539 727 florebat,
552 706 629 723 Timaeus
641 706 712 727 praesti-

124 733 180 755 tisset,
189 734 212 754 ety
224 733 252 750 oui
259 733 284 750 rei
291 733 379 750 maximam
387 733 442 749 tribuo
450 733 573 753 aueton'tatem,
582 733 621 754 quia
626 733 711 754 Polybius,

125 760 199 781 alioquin
209 760 323 780 iniquissimus
335 760 399 776 Timaei
411 760 489 776 librorum
500 760 554 781 iudex,
566 759 582 777 si
593 760 638 777 esset
645 760 672 776 ita
679 764 711 779 res,

125 791 163 803 eum
174 786 277 804 occasionem
289 786 385 804 avidissime
397 787 493 807 arrepturus
505 786 565 803 fuisset
576 791 625 807 quam
633 786 712 808 gravissi-

125 813 156 830 mis
167 812 223 831 verbis
235 813 253 830 in
261 817 297 830 eum
305 813 395 830 invehendi
402 813 496 834 crimenque
503 813 582 835 plagiarii
590 813 606 830 ei
613 813 711 834 imponendi.

125 839 173 861 Quae
184 844 221 856 eum
232 839 257 856 ite
270 840 309 861 sint,
322 840 344 856 ad
355 844 392 856 eam
403 840 506 856 sententiam
514 840 609 859 delabimur,
622 841 641 857 ut
649 840 712 861 Lycum

124 864 171 883 sslum
181 871 202 882 ne
214 866 232 882 in
240 866 294 883 auimo
303 866 368 887 quidem
375 867 454 883 habuisse
466 867 560 883 statuamus
568 867 666 887 perpetuam
673 866 712 883 inde

125 897 135 909 a
140 892 235 914 primordiis
241 897 294 913 usque
301 893 323 909 ad
330 894 405 910 aetatem
411 898 458 909 suam
464 893 541 910 continuo
550 893 606 910 ordine
613 893 712 913 productam

124 919 314 940 historiamposteritati
319 920 391 941 tradere,
396 920 426 936 sed
431 924 450 936 eo
458 919 541 936 scribendi
548 924 609 941 genere
617 921 712 936 contentum

124 945 181 966 fuisse,
194 946 238 966 quod
248 946 266 963 in
278 946 386 967 congerendis
398 947 416 962 et
427 946 528 963 annotandis
542 946 645 963 mirabilibus
657 946 712 963 unius-

125 972 203 993 cuiusque
217 973 274 989 terrae
287 973 337 989 rebus
351 974 436 990 versatum
449 973 476 990 vel
488 973 619 990 doctissimorum
629 973 713 990 hominum

124 999 188 1016 animos
203 999 237 1016 iliis
252 999 293 1020 ipsis
309 1000 409 1020 temporibus
425 1001 519 1020 oocuparet
546 1000 582 1021 Quo
597 1000 661 1016 factum
680 1000 712 1020 est,

123 1027 144 1043 ut
160 1026 176 1043 ei
191 1026 280 1047 scriptores
295 1026 392 1047 posterioris
408 1026 470 1042 aetatis
486 1030 523 1042 eum
538 1026 636 1043 adhiberent
652 1027 670 1043 et
685 1031 712 1043 ex-

125 1054 219 1074 eerperent,
234 1053 261 1073 qui
276 1053 338 1070 eisdem
351 1054 400 1070 rebus
415 1053 496 1069 delectati
508 1054 546 1069 tota
558 1053 641 1070 volumina
655 1053 713 1070 eadem

123 1079 196 1097 materia
210 1079 329 1101 impieverunt,
344 1085 365 1096 ex
378 1080 436 1100 quibus
450 1084 483 1096 non
496 1079 571 1096 ultimum
583 1080 648 1097 obtinet
659 1080 712 1096 locum

125 1106 260 1123 Callimachus
273 1107 324 1127 poeta
339 1106 356 1123 in
371 1111 390 1123 eo
403 1106 451 1126 libro,
465 1106 493 1126 qui
504 1106 607 1123 inscribitur:
618 1107 712 1125 θαυμασίων

124 1134 150 1149 καὶ
166 1133 263 1153 παραδόξων
278 1135 312 1149 τῶν
327 1132 357 1149 ἀνὰ
371 1135 423 1149 ,πᾶσαν
438 1132 466 1152 τὴν
482 1133 511 1153 γῆν
528 1132 567 1149 κατὰ
583 1133 643 1151 τόκσυς
660 1132 712 1148 ι’ἰντων

125 1159 233 1180 Μανωνήῆ,
261 1160 314 1176 Porro
337 1164 373 1176 cum
393 1160 428 1176 loco
447 1159 476 1175 illo
495 1158 639 1181 Agatharchides,
664 1163 712 1180 quem

171 1194 182 1212 ¹)
192 1194 213 1208 Cf.
223 1194 238 1208 0.
249 1194 354 1208 flchnsidsrum:
365 1194 417 1208 Caliim.
427 1194 449 1211 IL,
458 1194 508 1212 fragm,
519 1194 545 1208 100
554 1194 563 1208 fv

597 1217 604 1230 ἰ
