2948 5048
701 353 917 411 ..50-

224 528 287 591 ίκεῖ
308 534 427 591 κεῖσθαι
450 526 548 591 αὐτόν
570 526 655 608 παρὰ
679 523 736 589 τόν
758 524 904 601 ποταμόν
931 524 990 588 τόν
1013 522 1164 606 Σύβαριν,
1193 523 1404 606 βοηθήσαντα

223 633 355 710 Ῥοδίοις
377 650 443 710 τοῖς
465 634 541 711 μετὰ
570 635 773 714 Τληπολέμου
796 636 838 706 εἰς
860 631 934 706 τοὺς
962 633 1024 695 ἐκεῖ
1053 633 1172 708 τόπους
1202 633 1404 711 ἀπενεχθεῖσι

224 749 275 805 καί
298 744 402 822 μάχην
425 744 580 821 συνόψασι
603 740 683 822 πρός
706 739 780 814 τοὺς
795 741 994 813 ἐνοικοῦντας
1010 747 1075 802 τῶν
1090 739 1263 821 βαρβάρων
1279 742 1405 820 ἐκείνην

223 849 279 929 τὴν
301 851 428 931 pulpae:
453 869 539 932 quae
563 851 664 918 verba
688 867 794 915 nonne
818 852 889 914 tam
912 849 996 914 bene
1012 846 1232 915 conciliantur
1253 866 1329 914 cnm
1351 847 1405 914 his

223 957 450 1039 Lycophronis
473 977 526 1025 vv.
553 963 616 1020 919
641 975 729 1039 sqq.:

439 1066 558 1144 Κρᾶθις
581 1067 614 1126 δὲ
637 1061 776 1139 τύμβους
800 1058 908 1140 ὄψεται
933 1060 1126 1135 δεδουπότος

436 1171 531 1252 εὐρὰξ
554 1168 678 1234 Ἀλαίου
702 1170 872 1249 Παταρὲως
895 1165 1092 1248 ἀνακτόρων,

435 1277 599 1351 Ναόαιθος
621 1276 699 1340 ἔνθα
721 1274 802 1356 πρὸς
824 1274 961 1337 κλύδων’
986 1273 1148 1355 ἐρεύγεται.

435 1390 577 1446 κτενοῦσι
601 1380 730 1446 δἀότόν
754 1377 889 1455 Αὔσονες
912 1382 1078 1462 Πελλὴυιοι

434 1495 677 1572 βοηδρομοῦντα
699 1492 835 1552 Λινδίων
859 1489 1087 1572 στρατηλάταις,

434 1700 469 1768 ἒν
492 1697 564 1767 δἀὖ
588 1704 768 1779 Μακάλλοις
791 1702 888 1783 σηκόν
912 1702 1047 1784 ἒγχωροι
1070 1704 1169 1781 μέγαν

435 1810 512 1892 ὑπὲρ
537 1809 647 1890 τάφων
671 1814 830 1885 δείμαντες
852 1813 943 1888 αἰανῆ
966 1807 1044 1873 θεὸν

435 1925 569 1994 λοιβαῖσι
592 1919 763 1981 κυδανοῦσι
787 1921 837 1979 καί
859 1915 1012 1990 θόσθλοις
1033 1922 1131 1991 βοῶν,

220 2029 258 2090 ut
288 2025 465 2090 communis
494 2024 666 2105 utriusque
694 2022 840 2090 auctoris
869 2022 960 2107 origo
988 2020 1175 2089 necessario
1206 2021 1406 2105 accipienda

220 2130 289 2196 sit?
335 2130 628 2199 Consentientibus
658 2134 770 2197 autem
797 2129 985 2197 Aristotele
1014 2133 1049 2194 et
1077 2129 1293 2212 Lycophrone
1324 2148 1406 2196 num

220 2238 287 2304 ullo
315 2238 409 2304 modo
433 2238 566 2304 dubium
590 2256 663 2304 esse
686 2240 817 2319 potest,
842 2236 921 2317 quin
943 2237 984 2302 de
1007 2236 1144 2303 Timaeo
1168 2236 1286 2302 statim
1312 2236 1405 2320 cogi·

220 2343 359 2410 tandum
383 2343 450 2410 sit?
489 2343 546 2410 Ad
569 2344 809 2427 comprobanda
834 2362 889 2426 ea,
915 2362 999 2425 qnae
1023 2343 1116 2410 modo
1145 2342 1403 2428 disputavimus

219 2448 393 2530 plurimum
420 2450 529 2532 valet,
560 2448 645 2530 quod
674 2447 811 2516 eandem
842 2449 1067 2517 narrationem
1098 2469 1296 2533 quamquam
1327 2452 1404 2518 bre·

219 2555 365 2624 rioribus
389 2555 499 2624 verbis
522 2556 701 2637 repetitam
725 2555 813 2637 apud
835 2555 961 2623 Justin.
986 2557 1403 2643 XX,1,1o‚reperimus,

220 2681 315 2744 quem
335 2663 392 2729 illo
414 2664 485 2730 loco
506 2664 664 2731 nonnulla
685 2683 726 2731 ex
738 2664 867 2731 Timaei
887 2664 980 2731 libris
1001 2684 1082 2731 suae
1098 2663 1276 2730 earundem
1291 2664 1403 2748 regio·

220 2788 297 2835 num
313 2769 528 2851 descriptioni
544 2769 723 2837 inseruisse
738 2770 999 2838 luculentissime
1011 2770 1159 2838 ostendit
1172 2770 1403 2838 Enmannus

217 2876 239 2939 l.
265 2895 291 2941 c.
316 2895 392 2960 pag.
413 2882 476 2939 154
504 2895 573 2959 sqq.
603 2883 674 2940 159.
713 2877 813 2943 Licet
836 2879 938 2945 verba
961 2877 1036 2960 ipsa
1059 2896 1237 2961 apponere:
1262 2876 1403 2943 Thuri-

217 3001 348 3048 norum
379 2985 512 3049 urbem
543 2983 768 3051 condidisse
796 2984 1053 3051 Philoctetam
1083 2986 1231 3067 ferunt,
1263 2982 1402 3065 ibique

218 3089 341 3154 adhuc
364 3093 647 3157 monumentum
671 3089 754 3156 eius
778 3090 939 3174 visitur,
958 3096 997 3157 et
1013 3090 1200 3158 Herculis
1217 3089 1402 3174 sagittae

216 3195 256 3261 in
273 3194 476 3278 Apollinis
500 3198 660 3280 templo,
686 3216 783 3279 quae
807 3197 931 3265 fatum
947 3198 1089 3265 Troiae
1117 3198 1236 3266 fuere.
1273 3195 1403 3282 Quodsi

218 3322 238 3367 a
262 3303 357 3369 nobis
380 3307 473 3369 recte
497 3303 702 3385 disputatum
726 3310 795 3388 est,
819 3306 908 3372 ultro
931 3304 1085 3389 progredi
1107 3305 1202 3373 iuvat
1226 3309 1261 3370 et
1290 3305 1401 3387 Lyco-

217 3410 351 3492 phronis
374 3411 485 3478 verbis
510 3411 605 3493 quasi
628 3411 840 3479 fondamento
863 3411 929 3480 nisi
949 3412 1060 3480 textui
1075 3411 1295 3479 Aristotelico
1311 3411 1400 3480 uitio

217 3515 389 3597 inquinato
418 3518 580 3583 medelam
608 3517 765 3584 adhibere
794 3519 993 3585 conabimur.
1041 3517 1128 3604 Quid
1156 3517 1241 3584 enim
1268 3517 1304 3584 in
1331 3519 1400 3586 tali

219 3622 462 3689 sententiarum
502 3642 625 3690 conexu
666 3624 753 3707 apud
787 3623 931 3691 Aristot.
972 3625 994 3689 l.
1036 3645 1062 3690 c.
1099 3643 1279 3709 cognomen
1311 3623 1400 3693 illud

217 3727 385 3810 Apollinis
403 3725 493 3792 ἁλίου
510 3729 575 3796 sibi
586 3729 683 3808 velit,
697 3729 823 3797 frustra
836 3731 1038 3797 enucleabis:
1063 3731 1121 3797 sed
1133 3731 1163 3796 si
1174 3731 1218 3796 ad
1230 3729 1397 3813 Lycophr.

217 3840 291 3898 920.
316 3836 559 3920 provocaveris,
576 3836 689 3919 procul
713 3835 809 3903 dubio
833 3838 895 3903 hoc
918 3838 997 3903 loco
1013 3835 1136 3900 ’Διαίου
1151 3835 1397 3905 restituendum

216 3959 290 4006 esse
314 3940 393 4007 mihi
417 3943 590 4025 concedes,
615 3962 713 4023 quam
737 3943 961 4010 coniecturam
985 3964 1005 4010 a
1028 3942 1297 4026 Wesselingio
1325 3943 1396 4011 iam

216 4048 335 4113 dudum
363 4049 397 4115 in
425 4049 566 4116 medium
593 4050 757 4131 prolatam
788 4069 861 4116 cum
885 4070 905 4116 a
927 4052 1230 4117 Westermanno
1254 4056 1325 4116 tum
1351 4055 1396 4119 ab

212 4153 382 4236 Apeltio
410 4155 444 4221 in
472 4154 651 4223 novissima
676 4155 820 4223 editione
843 4157 984 4223 nondum
1007 4156 1042 4222 in
1065 4159 1195 4224 textum
1221 4161 1396 4239 receptum

216 4279 290 4327 esse
313 4261 412 4328 valde
435 4261 544 4328 miror.
592 4261 771 4345 compares
796 4263 898 4330 etiam
920 4265 1022 4331 verba
1046 4265 1158 4346 Etym.
1175 4265 1288 4348 Magn.
1312 4283 1394 4350 pag.

214 4375 265 4446 58,
292 4375 326 4433 4:
352 4368 473 4444 Ἀλαῖος
498 4366 537 4432 ’ὃ
560 4366 723 4434 Ἀπόλλων
746 4418 754 4434 .
777 4371 966 4453 Φιλοκτήτης
989 4368 1048 4452 γὰρ
1072 4371 1327 4452 παραγενόμενος
1352 4376 1397 4448 είς

216 4472 345 4537 Ἰταλίαν
369 4471 432 4538 ἀπό
456 4481 514 4538 τοῦ
530 4475 762 4556 συμβεβηκότος
774 4476 923 4560 ἱδρύσατο
935 4474 1135 4554 ’Λπόλλωνος
1150 4473 1270 4542 Ἀλαίου
1292 4476 1393 4560 ἱερόν,
